datetime,sym,price,size
2018-02-14D07:50:00.063000000,TEST.L,4375,32
2018-02-14D07:50:00.663000000,TEST.L,4149,3661
2018-02-14D07:50:01.021000000,TEST.L,4149,3661
2018-02-14D07:50:01.022000000,TEST.L,4149,3661
2018-02-14D07:50:01.022000000,TEST.L,4149,3661
2018-02-14D07:50:01.024000000,TEST.L,4149,5268
2018-02-14D07:50:01.030000000,TEST.L,4149,5268
2018-02-14D07:50:01.032000000,TEST.L,4149,5268
2018-02-14D07:50:01.032000000,TEST.L,4149,5268
2018-02-14D07:50:01.221000000,TEST.L,4149,5268
2018-02-14D07:50:01.262000000,TEST.L,4149,5268
2018-02-14D07:50:01.558000000,TEST.L,4149,5268
2018-02-14D07:50:01.572000000,TEST.L,4325,5268
2018-02-14D07:50:02.010000000,TEST.L,4325,5268
2018-02-14D07:50:02.011000000,TEST.L,4325,5268
2018-02-14D07:50:02.011000000,TEST.L,4350,5268
2018-02-14D07:50:02.011000000,TEST.L,4350,5268
2018-02-14D07:50:02.013000000,TEST.L,4350,5268
2018-02-14D07:50:02.013000000,TEST.L,4350,5268
2018-02-14D07:50:02.013000000,TEST.L,4375,5268
2018-02-14D07:50:02.013000000,TEST.L,4375,5268
2018-02-14D07:50:02.013000000,TEST.L,4375,5268
2018-02-14D07:50:02.013000000,TEST.L,4376.5,5268
2018-02-14D07:50:02.128000000,TEST.L,4550,5665
2018-02-14D07:50:02.214000000,TEST.L,4550,5708
2018-02-14D07:50:02.217000000,TEST.L,4550,5708
2018-02-14D07:50:02.270000000,TEST.L,4550,5800
2018-02-14D07:50:02.313000000,TEST.L,4550,5800
2018-02-14D07:50:02.324000000,TEST.L,4550,5800
2018-02-14D07:50:02.352000000,TEST.L,4550,5954
2018-02-14D07:50:02.354000000,TEST.L,4550,5954
2018-02-14D07:50:02.400000000,TEST.L,4550,5954
2018-02-14D07:50:04.008000000,TEST.L,4550,6016
2018-02-14D07:50:04.047000000,TEST.L,4550,6016
2018-02-14D07:50:04.588000000,TEST.L,4550,6016
2018-02-14D07:50:11.580000000,TEST.L,4550,6062
2018-02-14D07:50:18.440000000,TEST.L,4550,6062
2018-02-14D07:50:18.440000000,TEST.L,4550,6062
2018-02-14D07:50:18.440000000,TEST.L,4550,6062
2018-02-14D07:50:20.081000000,TEST.L,4550,6429
2018-02-14D07:50:21.227000000,TEST.L,4550,6429
2018-02-14D07:50:30.090000000,TEST.L,4550,6515
2018-02-14D07:50:30.092000000,TEST.L,4550,6515
2018-02-14D07:50:37.429000000,TEST.L,4550,11517
2018-02-14D07:50:37.430000000,TEST.L,4550,12496
2018-02-14D07:50:38.019000000,TEST.L,4550,12496
2018-02-14D07:50:55.845000000,TEST.L,4550,12573
2018-02-14D07:50:55.873000000,TEST.L,4550,12573
2018-02-14D07:50:56.721000000,TEST.L,4550,12833
2018-02-14D07:50:57.604000000,TEST.L,4550,13169
2018-02-14D07:50:57.786000000,TEST.L,4550,13169
2018-02-14D07:50:58.341000000,TEST.L,4550,13437
2018-02-14D07:50:58.718000000,TEST.L,4550,13455
2018-02-14D07:50:59.587000000,TEST.L,4550,13629
2018-02-14D07:50:59.783000000,TEST.L,4550,13632
2018-02-14D07:51:00.016000000,TEST.L,4550,13944
2018-02-14D07:51:00.022000000,TEST.L,4550,13944
2018-02-14D07:51:00.083000000,TEST.L,4550,14989
2018-02-14D07:51:00.083000000,TEST.L,4550,15182
2018-02-14D07:51:00.204000000,TEST.L,4550,15182
2018-02-14D07:51:00.233000000,TEST.L,4550,15182
2018-02-14D07:51:00.329000000,TEST.L,4550,15302
2018-02-14D07:51:00.408000000,TEST.L,4550,16517
2018-02-14D07:51:00.419000000,TEST.L,4550,16553
2018-02-14D07:51:01.266000000,TEST.L,4550,16553
2018-02-14D07:51:04.861000000,TEST.L,4550,16553
2018-02-14D07:51:12.620000000,TEST.L,4550,16553
2018-02-14D07:51:59.993000000,TEST.L,4550,16553
2018-02-14D07:52:00.312000000,TEST.L,4550,16553
2018-02-14D07:52:00.362000000,TEST.L,4550,16573
2018-02-14D07:52:00.868000000,TEST.L,4550,19573
2018-02-14D07:52:00.901000000,TEST.L,4550,19900
2018-02-14D07:52:00.901000000,TEST.L,4550,19940
2018-02-14D07:53:00.153000000,TEST.L,4550,19940
2018-02-14D07:53:48.102000000,TEST.L,4550,19940
2018-02-14D07:54:04.647000000,TEST.L,4550,19940
2018-02-14D07:54:06.561000000,TEST.L,4550,19940
2018-02-14D07:54:08.078000000,TEST.L,4550,19940
2018-02-14D07:54:09.505000000,TEST.L,4550,19940
2018-02-14D07:54:10.393000000,TEST.L,4550,19940
2018-02-14D07:54:12.186000000,TEST.L,4550,19940
2018-02-14D07:54:12.212000000,TEST.L,4550,19940
2018-02-14D07:54:15.017000000,TEST.L,4550,19940
2018-02-14D07:54:36.806000000,TEST.L,4550,19940
2018-02-14D07:54:59.820000000,TEST.L,4550,19940
2018-02-14D07:55:00.034000000,TEST.L,4550,19940
2018-02-14D07:55:00.153000000,TEST.L,4550,19940
2018-02-14D07:55:00.339000000,TEST.L,4550,19940
2018-02-14D07:55:00.634000000,TEST.L,4550,19940
2018-02-14D07:55:10.335000000,TEST.L,4550,19940
2018-02-14D07:55:13.134000000,TEST.L,4550,20241
2018-02-14D07:55:28.078000000,TEST.L,4550,20241
2018-02-14D07:55:28.079000000,TEST.L,4550,20241
2018-02-14D07:55:28.079000000,TEST.L,4550,20241
2018-02-14D07:55:28.079000000,TEST.L,4550,20241
2018-02-14D07:55:28.079000000,TEST.L,4550,20241
2018-02-14D07:55:28.080000000,TEST.L,4550,20241
2018-02-14D07:55:28.080000000,TEST.L,4550,20241
2018-02-14D07:55:28.086000000,TEST.L,4550,20241
2018-02-14D07:55:28.086000000,TEST.L,4550,20241
2018-02-14D07:55:28.086000000,TEST.L,4539,20241
2018-02-14D07:55:28.087000000,TEST.L,4525,20241
2018-02-14D07:55:28.281000000,TEST.L,4522.5,20205
2018-02-14D07:55:28.281000000,TEST.L,4532.5,20693
2018-02-14D07:55:28.309000000,TEST.L,4528.5,20653
2018-02-14D07:55:28.309000000,TEST.L,4528.5,20460
2018-02-14D07:55:28.481000000,TEST.L,4525,20312
2018-02-14D07:55:28.481000000,TEST.L,4522.5,19972
2018-02-14D07:55:28.482000000,TEST.L,4532.5,20879
2018-02-14D07:55:28.681000000,TEST.L,4532.5,21324
2018-02-14D07:55:33.010000000,TEST.L,4528.5,21324
2018-02-14D07:55:33.011000000,TEST.L,4522.5,20879
2018-02-14D07:55:33.014000000,TEST.L,4528.5,21324
2018-02-14D07:55:33.235000000,TEST.L,4528.5,21324
2018-02-14D07:55:38.006000000,TEST.L,4550,24077
2018-02-14D07:55:38.210000000,TEST.L,4550,24522
2018-02-14D07:55:39.010000000,TEST.L,4550,30652
2018-02-14D07:55:39.028000000,TEST.L,4550,30652
2018-02-14D07:55:39.212000000,TEST.L,4550,29745
2018-02-14D07:55:39.212000000,TEST.L,4550,29300
2018-02-14D07:55:39.214000000,TEST.L,4550,30720
2018-02-14D07:55:39.216000000,TEST.L,4550,30874
2018-02-14D07:55:39.744000000,TEST.L,4550,30874
2018-02-14D07:56:00.075000000,TEST.L,4550,30874
2018-02-14D07:56:01.017000000,TEST.L,4550,31349
2018-02-14D07:56:47.038000000,TEST.L,4550,31349
2018-02-14D07:56:48.327000000,TEST.L,4550,31349
2018-02-14D07:56:55.018000000,TEST.L,4550,31349
2018-02-14D07:56:55.023000000,TEST.L,4532.5,31349
2018-02-14D07:56:55.222000000,TEST.L,4518,29929
2018-02-14D07:56:55.222000000,TEST.L,4518,29775
2018-02-14D07:56:55.222000000,TEST.L,4539,31953
2018-02-14D07:56:55.701000000,TEST.L,4539,32086
2018-02-14D07:56:57.919000000,TEST.L,4539,32089
2018-02-14D07:56:58.035000000,TEST.L,4543,32174
2018-02-14D07:56:58.125000000,TEST.L,4543,32307
2018-02-14D07:56:58.839000000,TEST.L,4543,32334
2018-02-14D07:57:00.371000000,TEST.L,4543,32572
2018-02-14D07:57:08.608000000,TEST.L,4543,32572
2018-02-14D07:57:15.041000000,TEST.L,4543,32572
2018-02-14D07:57:26.007000000,TEST.L,4539,32572
2018-02-14D07:57:26.007000000,TEST.L,4532.5,32572
2018-02-14D07:57:26.009000000,TEST.L,4528.5,32572
2018-02-14D07:57:26.009000000,TEST.L,4522.5,32572
2018-02-14D07:57:26.009000000,TEST.L,4513.5,32572
2018-02-14D07:57:26.009000000,TEST.L,4507.5,32572
2018-02-14D07:57:26.009000000,TEST.L,4505.5,32572
2018-02-14D07:57:26.009000000,TEST.L,4501,32572
2018-02-14D07:57:26.009000000,TEST.L,4500,32572
2018-02-14D07:57:26.009000000,TEST.L,4500,32572
2018-02-14D07:57:26.009000000,TEST.L,4500,32439
2018-02-14D07:57:26.012000000,TEST.L,4500,32572
2018-02-14D07:57:26.209000000,TEST.L,4500,32439
2018-02-14D07:57:26.209000000,TEST.L,4500,30261
2018-02-14D07:57:26.212000000,TEST.L,4500,30347
2018-02-14D07:57:26.212000000,TEST.L,4500,33308
2018-02-14D07:57:26.409000000,TEST.L,4500,30347
2018-02-14D07:57:26.409000000,TEST.L,4500,30362
2018-02-14D07:57:26.412000000,TEST.L,4505,33944
2018-02-14D07:57:26.610000000,TEST.L,4500,30362
2018-02-14D07:57:26.610000000,TEST.L,4500,30276
2018-02-14D07:57:26.610000000,TEST.L,4500,30261
2018-02-14D07:57:26.612000000,TEST.L,4507.5,34646
2018-02-14D07:57:26.811000000,TEST.L,4507.5,34767
2018-02-14D07:57:27.008000000,TEST.L,4500,31583
2018-02-14D07:57:27.009000000,TEST.L,4528.5,36663
2018-02-14D07:57:27.209000000,TEST.L,4500,32278
2018-02-14D07:57:27.212000000,TEST.L,4522.5,36062
2018-02-14D07:57:30.010000000,TEST.L,4522.5,36062
2018-02-14D07:57:30.016000000,TEST.L,4518,36062
2018-02-14D07:57:31.156000000,TEST.L,4516.5,36062
2018-02-14D07:57:34.008000000,TEST.L,4488.5,29932
2018-02-14D07:57:34.008000000,TEST.L,4543,38947
2018-02-14D07:57:34.019000000,TEST.L,4532.5,38947
2018-02-14D07:57:45.009000000,TEST.L,4528.5,38947
2018-02-14D07:57:45.085000000,TEST.L,4528.5,38947
2018-02-14D07:57:55.333000000,TEST.L,4500,38947
2018-02-14D07:57:55.433000000,TEST.L,4500,38947
2018-02-14D07:57:55.535000000,TEST.L,4488,35163
2018-02-14D07:57:55.537000000,TEST.L,4500,39683
2018-02-14D07:58:00.009000000,TEST.L,4500,39683
2018-02-14D07:58:11.543000000,TEST.L,4500,39683
2018-02-14D07:58:11.572000000,TEST.L,4500,40572
2018-02-14D07:58:13.753000000,TEST.L,4500,39683
2018-02-14D07:58:25.008000000,TEST.L,4488,34468
2018-02-14D07:58:25.008000000,TEST.L,4500,40420
2018-02-14D07:58:25.052000000,TEST.L,4500,40420
2018-02-14D07:58:25.210000000,TEST.L,4488,36549
2018-02-14D07:58:25.210000000,TEST.L,4488,35900
2018-02-14D07:58:25.210000000,TEST.L,4505,41157
2018-02-14D07:58:27.908000000,TEST.L,4539,44788
2018-02-14D07:58:28.105000000,TEST.L,4500,39531
2018-02-14D07:58:28.107000000,TEST.L,4528.5,44051
2018-02-14D07:58:28.108000000,TEST.L,4500,40420
2018-02-14D07:58:28.110000000,TEST.L,4525,43648
2018-02-14D07:58:28.305000000,TEST.L,4500,39128
2018-02-14D07:58:28.306000000,TEST.L,4518,42912
2018-02-14D07:58:30.007000000,TEST.L,4488,33897
2018-02-14D07:58:30.009000000,TEST.L,4532.5,44625
2018-02-14D07:58:30.010000000,TEST.L,4505,40841
2018-02-14D07:58:30.012000000,TEST.L,4500,40841
2018-02-14D07:58:30.012000000,TEST.L,4500,41244
2018-02-14D07:58:30.012000000,TEST.L,4539,45620
2018-02-14D07:58:30.144000000,TEST.L,4532.5,45253
2018-02-14D07:58:30.159000000,TEST.L,4532.5,45253
2018-02-14D07:58:30.210000000,TEST.L,4500,40877
2018-02-14D07:58:30.210000000,TEST.L,4500,40474
2018-02-14D07:58:30.211000000,TEST.L,4522.5,44258
2018-02-14D07:58:35.234000000,TEST.L,4522.5,44258
2018-02-14D07:58:35.280000000,TEST.L,4518,44258
2018-02-14D07:58:39.626000000,TEST.L,4518,44258
2018-02-14D07:58:40.308000000,TEST.L,4516.5,44258
2018-02-14D07:58:44.681000000,TEST.L,4500,44258
2018-02-14D07:58:44.683000000,TEST.L,4500,40474
2018-02-14D07:58:44.683000000,TEST.L,4500,40877
2018-02-14D07:58:44.684000000,TEST.L,4505.5,45397
2018-02-14D07:58:44.725000000,TEST.L,4507.5,45397
2018-02-14D07:58:45.012000000,TEST.L,4507.5,45397
2018-02-14D07:58:45.014000000,TEST.L,4505.5,45397
2018-02-14D07:58:45.386000000,TEST.L,4505.5,45397
2018-02-14D07:59:01.337000000,TEST.L,4505,45397
2018-02-14D07:59:18.945000000,TEST.L,4505,45397
2018-02-14D07:59:24.823000000,TEST.L,4500,45397
2018-02-14D07:59:24.898000000,TEST.L,4500,45397
2018-02-14D07:59:30.007000000,TEST.L,4486,34669
2018-02-14D07:59:30.008000000,TEST.L,4505.5,46018
2018-02-14D07:59:30.020000000,TEST.L,4500,46018
2018-02-14D07:59:30.052000000,TEST.L,4505,46018
2018-02-14D07:59:30.104000000,TEST.L,4513,46928
2018-02-14D07:59:30.178000000,TEST.L,4505.5,46928
2018-02-14D07:59:30.781000000,TEST.L,4505,46928
2018-02-14D07:59:31.007000000,TEST.L,4500,40976
2018-02-14D07:59:31.009000000,TEST.L,4513,48015
2018-02-14D07:59:31.874000000,TEST.L,4513.5,48015
2018-02-14D07:59:32.188000000,TEST.L,4513.5,48015
2018-02-14D07:59:33.181000000,TEST.L,4500,48015
2018-02-14D07:59:33.435000000,TEST.L,4500,48015
2018-02-14D07:59:33.579000000,TEST.L,4500,48015
2018-02-14D07:59:34.856000000,TEST.L,4500,48015
2018-02-14D07:59:40.017000000,TEST.L,4500,48015
2018-02-14D07:59:40.017000000,TEST.L,4500,48027
2018-02-14D07:59:40.045000000,TEST.L,4488.5,48027
2018-02-14D07:59:40.052000000,TEST.L,4488,48027
2018-02-14D07:59:40.218000000,TEST.L,4488,48431
2018-02-14D07:59:40.218000000,TEST.L,4488,43911
2018-02-14D07:59:40.221000000,TEST.L,4496.5,49168
2018-02-14D07:59:40.231000000,TEST.L,4488,49168
2018-02-14D07:59:40.256000000,TEST.L,4488,49168
2018-02-14D07:59:40.295000000,TEST.L,4488,49168
2018-02-14D07:59:43.855000000,TEST.L,4488,49168
2018-02-14D07:59:46.009000000,TEST.L,4481,43723
2018-02-14D07:59:46.009000000,TEST.L,4436.5,40642
2018-02-14D07:59:46.009000000,TEST.L,4481,43723
2018-02-14D07:59:46.009000000,TEST.L,4446.5,40642
2018-02-14D07:59:46.009000000,TEST.L,4487.5,45190
2018-02-14D07:59:46.011000000,TEST.L,4500,51184
2018-02-14D07:59:46.018000000,TEST.L,4500,51184
2018-02-14D07:59:46.018000000,TEST.L,4500,51184
2018-02-14D07:59:46.020000000,TEST.L,4500,51184
2018-02-14D07:59:46.306000000,TEST.L,4500,51184
2018-02-14D07:59:46.546000000,TEST.L,4500,51586
2018-02-14D07:59:46.556000000,TEST.L,4500,51586
2018-02-14D07:59:46.972000000,TEST.L,4500,51586
2018-02-14D07:59:46.992000000,TEST.L,4488,51586
2018-02-14D07:59:47.009000000,TEST.L,4488,51586
2018-02-14D07:59:47.020000000,TEST.L,4481,52538
2018-02-14D07:59:47.068000000,TEST.L,4481,54666
2018-02-14D07:59:49.146000000,TEST.L,4481,55045
2018-02-14D07:59:49.717000000,TEST.L,4481,55398
2018-02-14D07:59:50.045000000,TEST.L,4481,57974
2018-02-14D07:59:50.373000000,TEST.L,4481,58237
2018-02-14D07:59:50.407000000,TEST.L,4481,58337
2018-02-14D07:59:50.598000000,TEST.L,4481,55946
2018-02-14D07:59:50.629000000,TEST.L,4481,55946
2018-02-14D07:59:51.110000000,TEST.L,4481,56351
2018-02-14D07:59:51.150000000,TEST.L,4481,56795
2018-02-14D07:59:52.225000000,TEST.L,4481,57239
2018-02-14D07:59:52.559000000,TEST.L,4481,57294
2018-02-14D07:59:53.383000000,TEST.L,4481,60233
2018-02-14D07:59:53.383000000,TEST.L,4478.5,60255
2018-02-14D07:59:53.383000000,TEST.L,4472,60255
2018-02-14D07:59:53.388000000,TEST.L,4468,59281
2018-02-14D07:59:53.397000000,TEST.L,4472,60023
2018-02-14D07:59:53.448000000,TEST.L,4472,60023
2018-02-14D07:59:53.881000000,TEST.L,4472,60023
2018-02-14D07:59:53.889000000,TEST.L,4467.5,60023
2018-02-14D07:59:54.045000000,TEST.L,4450,60023
2018-02-14D07:59:54.058000000,TEST.L,4447,60023
2018-02-14D07:59:54.066000000,TEST.L,4449.5,60023
2018-02-14D07:59:54.574000000,TEST.L,4450,60023
2018-02-14D07:59:54.931000000,TEST.L,4449.5,60023
2018-02-14D07:59:55.018000000,TEST.L,4449.5,60023
2018-02-14D07:59:55.024000000,TEST.L,4437,61513
2018-02-14D07:59:55.035000000,TEST.L,4437.5,61513
2018-02-14D07:59:55.103000000,TEST.L,4432,62342
2018-02-14D07:59:55.426000000,TEST.L,4432,63584
2018-02-14D07:59:55.429000000,TEST.L,4432,63584
2018-02-14D07:59:55.727000000,TEST.L,4432,63284
2018-02-14D07:59:55.773000000,TEST.L,4432,63284
2018-02-14D07:59:56.529000000,TEST.L,4423.5,63939
2018-02-14D07:59:56.580000000,TEST.L,4423.5,65545
2018-02-14D07:59:57.011000000,TEST.L,4423.5,65545
2018-02-14D07:59:57.013000000,TEST.L,4432,66248
2018-02-14D07:59:57.311000000,TEST.L,4437.5,65545
2018-02-14D07:59:57.705000000,TEST.L,4423.5,67201
2018-02-14D07:59:57.710000000,TEST.L,4423.5,67201
2018-02-14D07:59:57.727000000,TEST.L,4424,67201
2018-02-14D07:59:57.739000000,TEST.L,4423.5,67201
2018-02-14D07:59:58.513000000,TEST.L,4423.5,67201
2018-02-14D07:59:58.513000000,TEST.L,4423.5,67201
2018-02-14D07:59:58.544000000,TEST.L,4433.5,67201
2018-02-14D07:59:58.586000000,TEST.L,4436.5,66973
2018-02-14D07:59:58.685000000,TEST.L,4436.5,66973
2018-02-14D07:59:58.971000000,TEST.L,4433.5,66973
2018-02-14D07:59:58.971000000,TEST.L,4433.5,66973
2018-02-14D07:59:59.009000000,TEST.L,4427.5,67657
2018-02-14D07:59:59.009000000,TEST.L,4427,67965
2018-02-14D07:59:59.011000000,TEST.L,4424.5,67965
2018-02-14D07:59:59.011000000,TEST.L,4423.5,69709
2018-02-14D07:59:59.021000000,TEST.L,4423.5,69709
2018-02-14D07:59:59.021000000,TEST.L,4423.5,69709
2018-02-14D07:59:59.021000000,TEST.L,4423.5,69730
2018-02-14D07:59:59.023000000,TEST.L,4423.5,69730
2018-02-14D07:59:59.023000000,TEST.L,4421,70436
2018-02-14D07:59:59.053000000,TEST.L,4421,70436
2018-02-14D07:59:59.071000000,TEST.L,4421.5,70314
2018-02-14D07:59:59.071000000,TEST.L,4421.5,70281
2018-02-14D07:59:59.078000000,TEST.L,4421.5,70281
2018-02-14D07:59:59.462000000,TEST.L,4423.5,70645
2018-02-14D07:59:59.462000000,TEST.L,4423.5,70314
2018-02-14D07:59:59.466000000,TEST.L,4423.5,70314
2018-02-14D07:59:59.541000000,TEST.L,4423.5,70314
2018-02-14D07:59:59.546000000,TEST.L,4424.5,70661
2018-02-14D07:59:59.546000000,TEST.L,4427,72307
2018-02-14D07:59:59.556000000,TEST.L,4427,72307
2018-02-14D07:59:59.781000000,TEST.L,4438.5,77741
2018-02-14D07:59:59.782000000,TEST.L,4438.5,77741
2018-02-14D07:59:59.791000000,TEST.L,4438.5,77741
2018-02-14D07:59:59.792000000,TEST.L,4437.5,78204
2018-02-14D07:59:59.797000000,TEST.L,4437.5,78204
2018-02-14D07:59:59.830000000,TEST.L,4437.5,78740
2018-02-14D07:59:59.955000000,TEST.L,4429.5,78055
2018-02-14D07:59:59.990000000,TEST.L,4433.5,78740
2018-02-14D07:59:59.990000000,TEST.L,4432,78510
2018-02-14D08:00:00.073000000,TEST.L,4432,78510
2018-02-14D08:00:00.083000000,TEST.L,4432,78510
2018-02-14D08:00:00.184000000,TEST.L,4432,78510
2018-02-14D08:00:00.184000000,TEST.L,4429.5,78510
2018-02-14D08:00:00.184000000,TEST.L,4429.5,78510
2018-02-14D08:00:00.185000000,TEST.L,4429.5,78510
2018-02-14D08:00:00.185000000,TEST.L,4429.5,78510
2018-02-14D08:00:00.186000000,TEST.L,4429.5,78625
2018-02-14D08:00:00.186000000,TEST.L,4429.5,78625
2018-02-14D08:00:00.186000000,TEST.L,4429.5,78625
2018-02-14D08:00:00.186000000,TEST.L,4429.5,78625
2018-02-14D08:00:00.186000000,TEST.L,4429.5,78625
2018-02-14D08:00:00.186000000,TEST.L,4427,79004
2018-02-14D08:00:00.186000000,TEST.L,4429.5,79777
2018-02-14D08:00:00.188000000,TEST.L,4429.5,79777
2018-02-14D08:00:00.188000000,TEST.L,4429.5,80341
2018-02-14D08:00:00.198000000,TEST.L,4427,80720
2018-02-14D08:00:00.200000000,TEST.L,4427,81399
2018-02-14D08:00:00.269000000,TEST.L,4427,81250
2018-02-14D08:00:00.278000000,TEST.L,4427,81250
2018-02-14D08:00:00.393000000,TEST.L,4427,81250
2018-02-14D08:00:00.421000000,TEST.L,4427,81250
2018-02-14D08:00:00.706000000,TEST.L,4427,81250
2018-02-14D08:00:01.395000000,TEST.L,4427,81250
2018-02-14D08:00:01.945000000,TEST.L,4427,81250
2018-02-14D08:00:01.946000000,TEST.L,4427,81250
2018-02-14D08:00:02.024000000,TEST.L,4429.5,83227
2018-02-14D08:00:02.024000000,TEST.L,4429.5,83227
2018-02-14D08:00:02.028000000,TEST.L,4429.5,83227
2018-02-14D08:00:02.260000000,TEST.L,4429.5,83227
2018-02-14D08:00:02.568000000,TEST.L,4429.5,83227
2018-02-14D08:00:02.881000000,TEST.L,4429.5,83227
2018-02-14D08:00:02.933000000,TEST.L,4432,84479
2018-02-14D08:00:02.933000000,TEST.L,4433.5,84388
2018-02-14D08:00:02.933000000,TEST.L,4429.5,83703
2018-02-14D08:00:02.936000000,TEST.L,4429.5,83703
2018-02-14D08:00:02.954000000,TEST.L,4427,84082
2018-02-14D08:00:02.955000000,TEST.L,4427.5,84196
2018-02-14D08:00:03.075000000,TEST.L,4427.5,84447
2018-02-14D08:00:03.075000000,TEST.L,4427.5,84447
2018-02-14D08:00:03.190000000,TEST.L,4427.5,84328
2018-02-14D08:00:03.190000000,TEST.L,4429.5,84195
2018-02-14D08:00:03.190000000,TEST.L,4427.5,84198
2018-02-14D08:00:03.504000000,TEST.L,4429.5,84195
2018-02-14D08:00:03.504000000,TEST.L,4429.5,84195
2018-02-14D08:00:03.504000000,TEST.L,4429,84195
2018-02-14D08:00:03.504000000,TEST.L,4429.5,84195
2018-02-14D08:00:03.516000000,TEST.L,4429.5,84195
2018-02-14D08:00:03.811000000,TEST.L,4427.5,84377
2018-02-14D08:00:03.815000000,TEST.L,4427.5,84377
2018-02-14D08:00:04.122000000,TEST.L,4429.5,84195
2018-02-14D08:00:04.122000000,TEST.L,4427.5,84352
2018-02-14D08:00:04.127000000,TEST.L,4427.5,84352
2018-02-14D08:00:04.739000000,TEST.L,4427.5,84401
2018-02-14D08:00:04.739000000,TEST.L,4427.5,84401
2018-02-14D08:00:05.047000000,TEST.L,4427.5,84421
2018-02-14D08:00:05.354000000,TEST.L,4429.5,84195
2018-02-14D08:00:05.355000000,TEST.L,4428,84366
2018-02-14D08:00:05.359000000,TEST.L,4428,84366
2018-02-14D08:00:05.663000000,TEST.L,4427.5,84503
2018-02-14D08:00:05.664000000,TEST.L,4427.5,84503
2018-02-14D08:00:05.667000000,TEST.L,4427.5,84503
2018-02-14D08:00:05.987000000,TEST.L,4427.5,84548
2018-02-14D08:00:06.584000000,TEST.L,4429.5,84195
2018-02-14D08:00:06.585000000,TEST.L,4427.5,84427
2018-02-14D08:00:06.588000000,TEST.L,4427.5,84427
2018-02-14D08:00:06.891000000,TEST.L,4429.5,84195
2018-02-14D08:00:06.891000000,TEST.L,4428,84265
2018-02-14D08:00:06.893000000,TEST.L,4428,84265
2018-02-14D08:00:06.898000000,TEST.L,4428,84265
2018-02-14D08:00:07.032000000,TEST.L,4429.5,84574
2018-02-14D08:00:07.037000000,TEST.L,4429.5,84574
2018-02-14D08:00:07.199000000,TEST.L,4429.5,84574
2018-02-14D08:00:07.357000000,TEST.L,4427,85132
2018-02-14D08:00:07.359000000,TEST.L,4427,85132
2018-02-14D08:00:07.504000000,TEST.L,4427,85132
2018-02-14D08:00:07.504000000,TEST.L,4427,85132
2018-02-14D08:00:08.117000000,TEST.L,4427,85132
2018-02-14D08:00:08.117000000,TEST.L,4427,85132
2018-02-14D08:00:09.353000000,TEST.L,4427,85132
2018-02-14D08:00:09.779000000,TEST.L,4427,84953
2018-02-14D08:00:09.779000000,TEST.L,4427,86656
2018-02-14D08:00:09.793000000,TEST.L,4427,86656
2018-02-14D08:00:09.793000000,TEST.L,4427,86667
2018-02-14D08:00:09.793000000,TEST.L,4427,86667
2018-02-14D08:00:10.720000000,TEST.L,4427,86667
2018-02-14D08:00:11.033000000,TEST.L,4427,87162
2018-02-14D08:00:12.035000000,TEST.L,4427,87597
2018-02-14D08:00:15.590000000,TEST.L,4427,85894
2018-02-14D08:00:15.590000000,TEST.L,4427,88564
2018-02-14D08:00:17.035000000,TEST.L,4427.5,88569
2018-02-14D08:00:17.035000000,TEST.L,4427.5,88357
2018-02-14D08:00:17.038000000,TEST.L,4427.5,88357
2018-02-14D08:00:20.052000000,TEST.L,4432,85583
2018-02-14D08:00:20.053000000,TEST.L,4438.5,83667
2018-02-14D08:00:20.055000000,TEST.L,4438.5,83674
2018-02-14D08:00:20.167000000,TEST.L,4433.5,82617
2018-02-14D08:00:20.167000000,TEST.L,4433.5,82617
2018-02-14D08:00:20.177000000,TEST.L,4433.5,82617
2018-02-14D08:00:20.210000000,TEST.L,4433.5,82742
2018-02-14D08:00:20.211000000,TEST.L,4433.5,83382
2018-02-14D08:00:20.338000000,TEST.L,4432,83435
2018-02-14D08:00:20.338000000,TEST.L,4432,83430
2018-02-14D08:00:20.338000000,TEST.L,4432,83430
2018-02-14D08:00:20.339000000,TEST.L,4432,83467
2018-02-14D08:00:20.346000000,TEST.L,4432,83467
2018-02-14D08:00:20.347000000,TEST.L,4432,83631
2018-02-14D08:00:20.495000000,TEST.L,4432,83430
2018-02-14D08:00:20.530000000,TEST.L,4432,83631
2018-02-14D08:00:22.708000000,TEST.L,4432,83631
2018-02-14D08:00:22.718000000,TEST.L,4427.5,200
2018-02-14D08:00:22.718000000,TEST.L,4427.5,409
2018-02-14D08:00:22.718000000,TEST.L,4427.5,421
2018-02-14D08:00:22.747000000,TEST.L,4427.5,139
2018-02-14D08:00:23.199000000,TEST.L,4427.5,57
2018-02-14D08:00:23.199000000,TEST.L,4427.5,82
2018-02-14D08:00:23.379000000,TEST.L,4427.5,32
2018-02-14D08:00:27.532000000,TEST.L,4425,119
2018-02-14D08:00:27.534000000,TEST.L,4425,37
2018-02-14D08:00:27.534000000,TEST.L,4425,120
2018-02-14D08:00:27.543000000,TEST.L,4425,120
2018-02-14D08:00:27.544000000,TEST.L,4425,120
2018-02-14D08:00:27.712000000,TEST.L,4429,10
2018-02-14D08:00:27.734000000,TEST.L,4429,36
2018-02-14D08:00:28.651000000,TEST.L,4429.5,154
2018-02-14D08:00:28.845000000,TEST.L,4425,120
2018-02-14D08:00:28.845000000,TEST.L,4425,23
2018-02-14D08:00:28.845000000,TEST.L,4425,66
2018-02-14D08:00:28.845000000,TEST.L,4425,59
2018-02-14D08:00:28.934000000,TEST.L,4427,3
2018-02-14D08:00:35.940000000,TEST.L,4428,130
2018-02-14D08:00:35.940000000,TEST.L,4428,585
2018-02-14D08:00:36.942000000,TEST.L,4428,90
2018-02-14D08:00:36.942000000,TEST.L,4428.5,283
2018-02-14D08:00:36.942000000,TEST.L,4428.5,203
2018-02-14D08:00:37.990000000,TEST.L,4428.5,90
2018-02-14D08:00:37.990000000,TEST.L,4429.5,203
2018-02-14D08:00:37.993000000,TEST.L,4427.5,62
2018-02-14D08:00:37.997000000,TEST.L,4427.5,246
2018-02-14D08:00:39.174000000,TEST.L,4428.5,50
2018-02-14D08:00:39.175000000,TEST.L,4429.5,79
2018-02-14D08:00:39.175000000,TEST.L,4429.5,170
2018-02-14D08:00:39.429000000,TEST.L,4431,115
2018-02-14D08:00:39.429000000,TEST.L,4431.5,78
2018-02-14D08:00:39.505000000,TEST.L,4428.5,11
2018-02-14D08:00:39.505000000,TEST.L,4428.5,76
2018-02-14D08:00:41.286000000,TEST.L,4429.5,37
2018-02-14D08:00:41.287000000,TEST.L,4430.5,203
2018-02-14D08:00:42.348000000,TEST.L,4430,91
2018-02-14D08:00:42.348000000,TEST.L,4430.5,60
2018-02-14D08:00:43.348000000,TEST.L,4430,66
2018-02-14D08:00:43.348000000,TEST.L,4431,115
2018-02-14D08:00:44.348000000,TEST.L,4431,41
2018-02-14D08:00:44.348000000,TEST.L,4432.5,203
2018-02-14D08:00:45.352000000,TEST.L,4431,115
2018-02-14D08:00:45.354000000,TEST.L,4431,34
2018-02-14D08:00:45.354000000,TEST.L,4433.5,203
2018-02-14D08:00:45.355000000,TEST.L,4429.5,20
2018-02-14D08:00:45.355000000,TEST.L,4429.5,100
2018-02-14D08:00:45.356000000,TEST.L,4429.5,62
2018-02-14D08:00:46.350000000,TEST.L,4432.5,203
2018-02-14D08:00:46.350000000,TEST.L,4432.5,170
2018-02-14D08:00:46.350000000,TEST.L,4434,150
2018-02-14D08:00:46.350000000,TEST.L,4434,25
2018-02-14D08:00:46.351000000,TEST.L,4430,99
2018-02-14D08:00:47.397000000,TEST.L,4431.5,160
2018-02-14D08:00:47.397000000,TEST.L,4431.5,212
2018-02-14D08:00:47.397000000,TEST.L,4432,57
2018-02-14D08:00:47.397000000,TEST.L,4430,25
2018-02-14D08:00:48.458000000,TEST.L,4431.5,25
2018-02-14D08:00:48.458000000,TEST.L,4432,231
2018-02-14D08:00:48.507000000,TEST.L,4428.5,54
2018-02-14D08:00:49.519000000,TEST.L,4432.5,59
2018-02-14D08:00:49.519000000,TEST.L,4433.5,203
2018-02-14D08:00:50.385000000,TEST.L,4430,220
2018-02-14D08:00:50.393000000,TEST.L,4430,306
2018-02-14D08:00:50.456000000,TEST.L,4433.5,267
2018-02-14D08:00:50.456000000,TEST.L,4434,43
2018-02-14D08:00:51.615000000,TEST.L,4431,70
2018-02-14D08:00:51.644000000,TEST.L,4433.5,10
2018-02-14D08:00:51.646000000,TEST.L,4435,160
2018-02-14D08:00:52.645000000,TEST.L,4435.5,70
2018-02-14D08:00:52.645000000,TEST.L,4436,69
2018-02-14D08:00:53.125000000,TEST.L,4433.5,21
2018-02-14D08:00:53.126000000,TEST.L,4431.5,25
2018-02-14D08:00:53.134000000,TEST.L,4431.5,51
2018-02-14D08:00:53.134000000,TEST.L,4431.5,20
2018-02-14D08:00:53.707000000,TEST.L,4436.5,117
2018-02-14D08:00:53.707000000,TEST.L,4436.5,203
2018-02-14D08:00:53.707000000,TEST.L,4437.5,260
2018-02-14D08:00:53.709000000,TEST.L,4437.5,203
2018-02-14D08:00:53.709000000,TEST.L,4437.5,119
2018-02-14D08:00:54.469000000,TEST.L,4431.5,75
2018-02-14D08:00:54.758000000,TEST.L,4436.5,134
2018-02-14D08:00:54.758000000,TEST.L,4436.5,239
2018-02-14D08:00:54.758000000,TEST.L,4436.5,440
2018-02-14D08:00:55.816000000,TEST.L,4436.5,134
2018-02-14D08:00:55.816000000,TEST.L,4436.5,60
2018-02-14D08:00:55.816000000,TEST.L,4436.5,203
2018-02-14D08:00:55.816000000,TEST.L,4436.5,203
2018-02-14D08:00:56.173000000,TEST.L,4430.5,120
2018-02-14D08:00:56.175000000,TEST.L,4430.5,19
2018-02-14D08:00:56.817000000,TEST.L,4436,21
2018-02-14D08:00:56.819000000,TEST.L,4436.5,134
2018-02-14D08:00:56.819000000,TEST.L,4436.5,467
2018-02-14D08:00:56.819000000,TEST.L,4433,69
2018-02-14D08:00:57.879000000,TEST.L,4435.5,85
2018-02-14D08:00:57.879000000,TEST.L,4436.5,134
2018-02-14D08:00:57.879000000,TEST.L,4436.5,203
2018-02-14D08:00:57.881000000,TEST.L,4433,46
2018-02-14D08:01:00.018000000,TEST.L,4436.5,134
2018-02-14D08:01:00.020000000,TEST.L,4436.5,53
2018-02-14D08:01:00.020000000,TEST.L,4436.5,186
2018-02-14D08:01:00.020000000,TEST.L,4437.5,63
2018-02-14D08:01:00.020000000,TEST.L,4437.5,219
2018-02-14D08:01:00.020000000,TEST.L,4437.5,50
2018-02-14D08:01:01.070000000,TEST.L,4435.5,11
2018-02-14D08:01:01.070000000,TEST.L,4436.5,175
2018-02-14D08:01:01.083000000,TEST.L,4432,18
2018-02-14D08:01:01.492000000,TEST.L,4436,175
2018-02-14D08:01:01.500000000,TEST.L,4437,175
2018-02-14D08:01:01.500000000,TEST.L,4434,26
2018-02-14D08:01:01.501000000,TEST.L,4436.5,26
2018-02-14D08:01:01.502000000,TEST.L,4437,130
2018-02-14D08:01:01.503000000,TEST.L,4437.5,175
2018-02-14D08:01:01.511000000,TEST.L,4438,55
2018-02-14D08:01:01.512000000,TEST.L,4438,254
2018-02-14D08:01:01.512000000,TEST.L,4438.5,237
2018-02-14D08:01:01.512000000,TEST.L,4438.5,203
2018-02-14D08:01:01.513000000,TEST.L,4438.5,1402
2018-02-14D08:01:01.513000000,TEST.L,4431.5,59
2018-02-14D08:01:01.516000000,TEST.L,4438.5,237
2018-02-14D08:01:01.516000000,TEST.L,4438.5,91
2018-02-14D08:01:02.067000000,TEST.L,4437.5,175
2018-02-14D08:01:02.067000000,TEST.L,4438.5,237
2018-02-14D08:01:02.070000000,TEST.L,4438.5,249
2018-02-14D08:01:02.070000000,TEST.L,4434.5,22
2018-02-14D08:01:03.127000000,TEST.L,4438,175
2018-02-14D08:01:03.127000000,TEST.L,4438.5,237
2018-02-14D08:01:03.129000000,TEST.L,4438.5,219
2018-02-14D08:01:03.129000000,TEST.L,4434.5,54
2018-02-14D08:01:04.132000000,TEST.L,4438.5,237
2018-02-14D08:01:04.135000000,TEST.L,4438.5,52
2018-02-14D08:01:04.135000000,TEST.L,4438.5,19
2018-02-14D08:01:04.138000000,TEST.L,4438.5,237
2018-02-14D08:01:04.139000000,TEST.L,4438.5,179
2018-02-14D08:01:04.140000000,TEST.L,4436,16
2018-02-14D08:01:04.211000000,TEST.L,4438,120
2018-02-14D08:01:04.211000000,TEST.L,4438,120
2018-02-14D08:01:05.192000000,TEST.L,4438,175
2018-02-14D08:01:05.192000000,TEST.L,4438.5,237
2018-02-14D08:01:05.192000000,TEST.L,4435.5,26
2018-02-14D08:01:05.593000000,TEST.L,4435.5,20
2018-02-14D08:01:05.593000000,TEST.L,4435.5,56
2018-02-14D08:01:05.712000000,TEST.L,4434.5,136
2018-02-14D08:01:05.712000000,TEST.L,4434.5,72
2018-02-14D08:01:05.713000000,TEST.L,4434.5,241
2018-02-14D08:01:07.021000000,TEST.L,4432,50
2018-02-14D08:01:07.315000000,TEST.L,4434.5,268
2018-02-14D08:01:07.315000000,TEST.L,4437.5,175
2018-02-14D08:01:07.315000000,TEST.L,4437.5,219
2018-02-14D08:01:07.548000000,TEST.L,4438,227
2018-02-14D08:01:07.549000000,TEST.L,4435.5,26
2018-02-14D08:01:07.633000000,TEST.L,4434,16
2018-02-14D08:01:07.635000000,TEST.L,4433.5,60
2018-02-14D08:01:07.635000000,TEST.L,4433.5,60
2018-02-14D08:01:07.635000000,TEST.L,4433.5,27
2018-02-14D08:01:08.315000000,TEST.L,4438,3
2018-02-14D08:01:08.316000000,TEST.L,4438.5,237
2018-02-14D08:01:08.317000000,TEST.L,4435,30
2018-02-14D08:01:09.317000000,TEST.L,4438,175
2018-02-14D08:01:09.317000000,TEST.L,4438,233
2018-02-14D08:01:09.317000000,TEST.L,4438,38
2018-02-14D08:01:09.319000000,TEST.L,4438.5,237
2018-02-14D08:01:09.319000000,TEST.L,4438.5,219
2018-02-14D08:01:09.319000000,TEST.L,4438.5,111
2018-02-14D08:01:09.320000000,TEST.L,4438.5,63
2018-02-14D08:01:09.322000000,TEST.L,4435,30
2018-02-14D08:01:10.380000000,TEST.L,4438,175
2018-02-14D08:01:10.380000000,TEST.L,4438.5,237
2018-02-14D08:01:10.380000000,TEST.L,4438.5,219
2018-02-14D08:01:10.381000000,TEST.L,4435,30
2018-02-14D08:01:10.397000000,TEST.L,4432.5,175
2018-02-14D08:01:10.397000000,TEST.L,4432.5,31
2018-02-14D08:01:10.399000000,TEST.L,4432.5,175
2018-02-14D08:01:10.761000000,TEST.L,4432.5,175
2018-02-14D08:01:11.017000000,TEST.L,4432.5,102
2018-02-14D08:01:11.444000000,TEST.L,4437.5,175
2018-02-14D08:01:11.444000000,TEST.L,4438,150
2018-02-14D08:01:11.444000000,TEST.L,4438,15
2018-02-14D08:01:12.507000000,TEST.L,4438,175
2018-02-14D08:01:12.507000000,TEST.L,4438.5,237
2018-02-14D08:01:12.507000000,TEST.L,4438.5,219
2018-02-14D08:01:13.049000000,TEST.L,4438,253
2018-02-14D08:01:13.049000000,TEST.L,4435.5,26
2018-02-14D08:01:13.086000000,TEST.L,4437.5,96
2018-02-14D08:01:13.199000000,TEST.L,4437.5,54
2018-02-14D08:01:13.200000000,TEST.L,4437.5,26
2018-02-14D08:01:13.200000000,TEST.L,4438.5,237
2018-02-14D08:01:13.200000000,TEST.L,4438.5,397
2018-02-14D08:01:13.200000000,TEST.L,4439,19
2018-02-14D08:01:13.201000000,TEST.L,4439,2267
2018-02-14D08:01:13.202000000,TEST.L,4439,219
2018-02-14D08:01:13.202000000,TEST.L,4439,219
2018-02-14D08:01:13.202000000,TEST.L,4436,95
2018-02-14D08:01:13.511000000,TEST.L,4432,10
2018-02-14D08:01:13.512000000,TEST.L,4432,120
2018-02-14D08:01:13.512000000,TEST.L,4432,120
2018-02-14D08:01:13.551000000,TEST.L,4434,2165
2018-02-14D08:01:15.296000000,TEST.L,4435,57
2018-02-14D08:01:15.553000000,TEST.L,4437.5,175
2018-02-14D08:01:15.553000000,TEST.L,4438,148
2018-02-14D08:01:15.554000000,TEST.L,4435,26
2018-02-14D08:01:16.615000000,TEST.L,4437.5,54
2018-02-14D08:01:16.615000000,TEST.L,4438.5,175
2018-02-14D08:01:16.615000000,TEST.L,4438.5,219
2018-02-14D08:01:16.615000000,TEST.L,4438.5,64
2018-02-14D08:01:16.616000000,TEST.L,4435.5,26
2018-02-14D08:01:16.616000000,TEST.L,4435.5,18
2018-02-14D08:01:16.616000000,TEST.L,4435.5,8
2018-02-14D08:01:16.616000000,TEST.L,4435.5,8
2018-02-14D08:01:16.616000000,TEST.L,4435.5,18
2018-02-14D08:01:17.675000000,TEST.L,4439.5,175
2018-02-14D08:01:17.676000000,TEST.L,4439.5,219
2018-02-14D08:01:17.676000000,TEST.L,4440.5,203
2018-02-14D08:01:17.678000000,TEST.L,4436,48
2018-02-14D08:01:17.688000000,TEST.L,4438,609
2018-02-14D08:01:17.688000000,TEST.L,4438,2391
2018-02-14D08:01:18.551000000,TEST.L,4439.5,48
2018-02-14D08:01:18.677000000,TEST.L,4441.5,203
2018-02-14D08:01:18.677000000,TEST.L,4442.5,203
2018-02-14D08:01:18.678000000,TEST.L,4438,26
2018-02-14D08:01:19.740000000,TEST.L,4441,54
2018-02-14D08:01:19.741000000,TEST.L,4441,26
2018-02-14D08:01:19.741000000,TEST.L,4442,140
2018-02-14D08:01:20.770000000,TEST.L,4436,175
2018-02-14D08:01:20.770000000,TEST.L,4436,120
2018-02-14D08:01:20.771000000,TEST.L,4436,120
2018-02-14D08:01:20.779000000,TEST.L,4436,120
2018-02-14D08:01:20.780000000,TEST.L,4436,120
2018-02-14D08:01:20.802000000,TEST.L,4439,15
2018-02-14D08:01:20.802000000,TEST.L,4440.5,219
2018-02-14D08:01:21.865000000,TEST.L,4442,175
2018-02-14D08:01:21.866000000,TEST.L,4442,119
2018-02-14D08:01:21.866000000,TEST.L,4442,141
2018-02-14D08:01:21.867000000,TEST.L,4442,451
2018-02-14D08:01:21.868000000,TEST.L,4439,26
2018-02-14D08:01:23.927000000,TEST.L,4442,141
2018-02-14D08:01:23.927000000,TEST.L,4442,52
2018-02-14D08:01:24.990000000,TEST.L,4442,103
2018-02-14D08:01:24.990000000,TEST.L,4442.5,52
2018-02-14D08:01:24.990000000,TEST.L,4440,26
2018-02-14D08:01:26.054000000,TEST.L,4442.5,26
2018-02-14D08:01:26.054000000,TEST.L,4443,87
2018-02-14D08:01:26.054000000,TEST.L,4440.5,26
2018-02-14D08:01:27.114000000,TEST.L,4443,26
2018-02-14D08:01:27.114000000,TEST.L,4445,123
2018-02-14D08:01:27.397000000,TEST.L,4446,45
2018-02-14D08:01:27.397000000,TEST.L,4446.5,203
2018-02-14D08:01:27.398000000,TEST.L,4447.5,203
2018-02-14D08:01:27.398000000,TEST.L,4448.5,203
2018-02-14D08:01:27.399000000,TEST.L,4449.5,203
2018-02-14D08:01:27.399000000,TEST.L,4449.5,400
2018-02-14D08:01:27.444000000,TEST.L,4447,21
2018-02-14D08:01:29.242000000,TEST.L,4449.5,175
2018-02-14D08:01:29.243000000,TEST.L,4450,2333
2018-02-14D08:01:29.244000000,TEST.L,4445,150
2018-02-14D08:01:29.244000000,TEST.L,4444.5,26
2018-02-14D08:01:29.250000000,TEST.L,4445,26
2018-02-14D08:01:30.238000000,TEST.L,4450,120
2018-02-14D08:01:30.238000000,TEST.L,4450,119
2018-02-14D08:01:30.238000000,TEST.L,4450.5,103
2018-02-14D08:01:30.240000000,TEST.L,4447,23
2018-02-14D08:01:31.240000000,TEST.L,4450,175
2018-02-14D08:01:31.240000000,TEST.L,4450,128
2018-02-14D08:01:31.240000000,TEST.L,4450.5,123
2018-02-14D08:01:31.241000000,TEST.L,4450.5,219
2018-02-14D08:01:31.241000000,TEST.L,4447,58
2018-02-14D08:01:31.243000000,TEST.L,4447,58
2018-02-14D08:01:31.243000000,TEST.L,4447,134
2018-02-14D08:01:31.885000000,TEST.L,4444,102
2018-02-14D08:01:32.272000000,TEST.L,4444,36
2018-02-14D08:01:32.302000000,TEST.L,4449.5,150
2018-02-14D08:01:32.302000000,TEST.L,4449.5,197
2018-02-14D08:01:32.303000000,TEST.L,4450.5,112
2018-02-14D08:01:32.303000000,TEST.L,4450.5,87
2018-02-14D08:01:32.303000000,TEST.L,4446.5,73
2018-02-14D08:01:32.303000000,TEST.L,4444,37
2018-02-14D08:01:32.304000000,TEST.L,4444,215
2018-02-14D08:01:32.304000000,TEST.L,4444,120
2018-02-14D08:01:32.304000000,TEST.L,4444,47
2018-02-14D08:01:33.365000000,TEST.L,4446.5,73
2018-02-14D08:01:33.365000000,TEST.L,4446.5,205
2018-02-14D08:01:33.365000000,TEST.L,4450.5,99
2018-02-14D08:01:33.365000000,TEST.L,4450.5,219
2018-02-14D08:01:33.367000000,TEST.L,4447,28
2018-02-14D08:01:34.427000000,TEST.L,4447,28
2018-02-14D08:01:34.427000000,TEST.L,4447,28
2018-02-14D08:01:34.428000000,TEST.L,4447,116
2018-02-14D08:01:34.428000000,TEST.L,4447,14
2018-02-14D08:01:34.428000000,TEST.L,4451,98
2018-02-14D08:01:35.040000000,TEST.L,4445,53
2018-02-14D08:01:35.181000000,TEST.L,4445,122
2018-02-14D08:01:35.181000000,TEST.L,4445,76
2018-02-14D08:01:35.487000000,TEST.L,4450.5,39
2018-02-14D08:01:35.487000000,TEST.L,4451,111
2018-02-14D08:01:35.488000000,TEST.L,4447.5,26
2018-02-14D08:01:35.504000000,TEST.L,4446,175
2018-02-14D08:01:35.693000000,TEST.L,4444.5,175
2018-02-14D08:01:35.696000000,TEST.L,4444,73
2018-02-14D08:01:35.696000000,TEST.L,4444,120
2018-02-14D08:01:35.697000000,TEST.L,4444,120
2018-02-14D08:01:35.697000000,TEST.L,4444,69
2018-02-14D08:01:36.206000000,TEST.L,4444,120
2018-02-14D08:01:36.551000000,TEST.L,4447,47
2018-02-14D08:01:36.551000000,TEST.L,4450.5,175
2018-02-14D08:01:36.553000000,TEST.L,4450.5,219
2018-02-14D08:01:36.553000000,TEST.L,4447,18
2018-02-14D08:01:37.550000000,TEST.L,4448.5,40
2018-02-14D08:01:37.550000000,TEST.L,4451,150
2018-02-14D08:01:37.550000000,TEST.L,4451,77
2018-02-14D08:01:37.553000000,TEST.L,4447.5,26
2018-02-14D08:01:38.614000000,TEST.L,4447.5,26
2018-02-14D08:01:38.615000000,TEST.L,4447.5,26
2018-02-14D08:01:38.615000000,TEST.L,4447.5,26
2018-02-14D08:01:38.615000000,TEST.L,4451,48
2018-02-14D08:01:38.640000000,TEST.L,4444.5,70
2018-02-14D08:01:38.640000000,TEST.L,4444,120
2018-02-14D08:01:39.207000000,TEST.L,4444,120
2018-02-14D08:01:39.674000000,TEST.L,4450,175
2018-02-14D08:01:39.674000000,TEST.L,4450.5,99
2018-02-14D08:01:39.675000000,TEST.L,4447,18
2018-02-14D08:01:39.675000000,TEST.L,4444,2
2018-02-14D08:01:39.676000000,TEST.L,4444,102
2018-02-14D08:01:40.677000000,TEST.L,4448.5,41
2018-02-14D08:01:40.677000000,TEST.L,4451,130
2018-02-14D08:01:40.678000000,TEST.L,4447.5,26
2018-02-14D08:01:43.739000000,TEST.L,4447.5,26
2018-02-14D08:01:43.739000000,TEST.L,4452,219
2018-02-14D08:01:44.739000000,TEST.L,4450,119
2018-02-14D08:01:45.740000000,TEST.L,4450,119
2018-02-14D08:01:46.799000000,TEST.L,4452.5,175
2018-02-14D08:01:46.799000000,TEST.L,4453,103
2018-02-14D08:01:46.800000000,TEST.L,4448.5,59
2018-02-14D08:01:46.800000000,TEST.L,4448.5,59
2018-02-14D08:01:46.801000000,TEST.L,4448.5,59
2018-02-14D08:01:46.802000000,TEST.L,4448.5,59
2018-02-14D08:01:47.801000000,TEST.L,4453.5,108
2018-02-14D08:01:47.802000000,TEST.L,4454,115
2018-02-14D08:01:47.802000000,TEST.L,4454,219
2018-02-14D08:01:47.802000000,TEST.L,4454,108
2018-02-14D08:01:47.803000000,TEST.L,4449,59
2018-02-14D08:01:48.864000000,TEST.L,4449,59
2018-02-14D08:01:48.864000000,TEST.L,4449,59
2018-02-14D08:01:48.865000000,TEST.L,4455.5,203
2018-02-14D08:01:49.924000000,TEST.L,4454,89
2018-02-14D08:01:49.924000000,TEST.L,4454,91
2018-02-14D08:01:49.924000000,TEST.L,4454.5,116
2018-02-14D08:01:49.925000000,TEST.L,4450,26
2018-02-14D08:01:49.925000000,TEST.L,4450,26
2018-02-14D08:01:49.926000000,TEST.L,4450,26
2018-02-14D08:01:49.926000000,TEST.L,4450,26
2018-02-14D08:01:51.987000000,TEST.L,4456.5,25
2018-02-14D08:01:51.987000000,TEST.L,4457,59
2018-02-14D08:01:51.987000000,TEST.L,4453.5,32
2018-02-14D08:01:52.990000000,TEST.L,4456,160
2018-02-14D08:01:52.990000000,TEST.L,4456,32
2018-02-14D08:01:52.990000000,TEST.L,4456.5,116
2018-02-14D08:01:52.990000000,TEST.L,4456.5,582
2018-02-14D08:01:52.994000000,TEST.L,4452,150
2018-02-14D08:01:53.006000000,TEST.L,4451,175
2018-02-14D08:01:53.008000000,TEST.L,4456,130
2018-02-14D08:01:53.010000000,TEST.L,4451.5,57
2018-02-14D08:01:54.041000000,TEST.L,4451.5,126
2018-02-14D08:01:54.042000000,TEST.L,4451,39
2018-02-14D08:01:54.043000000,TEST.L,4451,206
2018-02-14D08:01:54.043000000,TEST.L,4450.5,60
2018-02-14D08:01:54.052000000,TEST.L,4451,245
2018-02-14D08:01:54.052000000,TEST.L,4453.5,170
2018-02-14D08:01:54.053000000,TEST.L,4453.5,150
2018-02-14D08:01:55.114000000,TEST.L,4453,114
2018-02-14D08:01:55.115000000,TEST.L,4456,120
2018-02-14D08:01:55.115000000,TEST.L,4456,61
2018-02-14D08:01:55.117000000,TEST.L,4450.5,30
2018-02-14D08:01:56.175000000,TEST.L,4455.5,170
2018-02-14D08:01:56.175000000,TEST.L,4455.5,62
2018-02-14D08:01:56.176000000,TEST.L,4455.5,79
2018-02-14D08:01:56.176000000,TEST.L,4456,52
2018-02-14D08:01:57.237000000,TEST.L,4455.5,51
2018-02-14D08:01:57.238000000,TEST.L,4455.5,92
2018-02-14D08:01:57.238000000,TEST.L,4456.5,110
2018-02-14D08:01:57.238000000,TEST.L,4456.5,87
2018-02-14D08:01:57.238000000,TEST.L,4453,33
2018-02-14D08:01:57.240000000,TEST.L,4453,33
2018-02-14D08:01:57.240000000,TEST.L,4453,33
2018-02-14D08:01:58.300000000,TEST.L,4457,170
2018-02-14D08:01:58.301000000,TEST.L,4457.5,180
2018-02-14D08:01:58.301000000,TEST.L,4454,51
2018-02-14D08:01:59.029000000,TEST.L,4455.5,114
2018-02-14D08:01:59.029000000,TEST.L,4455.5,51
2018-02-14D08:01:59.029000000,TEST.L,4455.5,9
2018-02-14D08:01:59.031000000,TEST.L,4453,119
2018-02-14D08:01:59.362000000,TEST.L,4455.5,76
2018-02-14D08:01:59.363000000,TEST.L,4459.5,150
2018-02-14D08:01:59.363000000,TEST.L,4453.5,15
2018-02-14D08:01:59.363000000,TEST.L,4453.5,119
2018-02-14D08:02:00.364000000,TEST.L,4459.5,15
2018-02-14D08:02:00.364000000,TEST.L,4462,175
2018-02-14D08:02:00.364000000,TEST.L,4462,105
2018-02-14D08:02:00.364000000,TEST.L,4462,180
2018-02-14D08:02:01.991000000,TEST.L,4455.5,67
2018-02-14D08:02:02.409000000,TEST.L,4454.5,59
2018-02-14D08:02:02.411000000,TEST.L,4454.5,76
2018-02-14D08:02:03.053000000,TEST.L,4455.5,11
2018-02-14D08:02:03.053000000,TEST.L,4456,52
2018-02-14D08:02:04.051000000,TEST.L,4461,67
2018-02-14D08:02:04.051000000,TEST.L,4463,2
2018-02-14D08:02:05.941000000,TEST.L,4464.5,18
2018-02-14D08:02:05.942000000,TEST.L,4459,56
2018-02-14D08:02:05.943000000,TEST.L,4464.5,56
2018-02-14D08:02:08.473000000,TEST.L,4465.5,150
2018-02-14D08:02:08.474000000,TEST.L,4461,41
2018-02-14D08:02:09.698000000,TEST.L,4457,104
2018-02-14D08:02:09.698000000,TEST.L,4456.5,104
2018-02-14D08:02:09.703000000,TEST.L,4453.5,104
2018-02-14D08:02:09.704000000,TEST.L,4454,1362
2018-02-14D08:02:09.704000000,TEST.L,4453,150
2018-02-14D08:02:09.705000000,TEST.L,4454,41
2018-02-14D08:02:09.963000000,TEST.L,4451,48
2018-02-14D08:02:09.963000000,TEST.L,4451,19
2018-02-14D08:02:10.550000000,TEST.L,4451,101
2018-02-14D08:02:10.550000000,TEST.L,4451,10
2018-02-14D08:02:18.611000000,TEST.L,4457,72
2018-02-14D08:02:24.108000000,TEST.L,4451.5,120
2018-02-14D08:02:24.108000000,TEST.L,4451.5,39
2018-02-14D08:02:24.110000000,TEST.L,4451.5,120
2018-02-14D08:02:24.110000000,TEST.L,4451.5,150
2018-02-14D08:02:24.110000000,TEST.L,4451.5,118
2018-02-14D08:02:24.110000000,TEST.L,4451,57
2018-02-14D08:02:24.111000000,TEST.L,4451,63
2018-02-14D08:02:24.111000000,TEST.L,4451,35
2018-02-14D08:02:24.112000000,TEST.L,4451,120
2018-02-14D08:02:24.112000000,TEST.L,4451,171
2018-02-14D08:02:24.112000000,TEST.L,4448.5,175
2018-02-14D08:02:24.112000000,TEST.L,4448,78
2018-02-14D08:02:24.113000000,TEST.L,4448,72
2018-02-14D08:02:24.113000000,TEST.L,4447,214
2018-02-14D08:02:24.113000000,TEST.L,4447,35
2018-02-14D08:02:24.113000000,TEST.L,4451.5,53
2018-02-14D08:02:24.115000000,TEST.L,4451,53
2018-02-14D08:02:24.115000000,TEST.L,4448,61
2018-02-14D08:02:24.119000000,TEST.L,4449,68
2018-02-14D08:02:24.124000000,TEST.L,4448.5,1312
2018-02-14D08:02:24.124000000,TEST.L,4451,10
2018-02-14D08:02:24.124000000,TEST.L,4451,120
2018-02-14D08:02:24.124000000,TEST.L,4451.5,51
2018-02-14D08:02:24.125000000,TEST.L,4452,53
2018-02-14D08:02:24.125000000,TEST.L,4452.5,53
2018-02-14D08:02:24.177000000,TEST.L,4453,49
2018-02-14D08:02:24.177000000,TEST.L,4453,98
2018-02-14D08:02:24.177000000,TEST.L,4453,82
2018-02-14D08:02:24.177000000,TEST.L,4453,102
2018-02-14D08:02:24.177000000,TEST.L,4454,116
2018-02-14D08:02:24.177000000,TEST.L,4454.5,51
2018-02-14D08:02:24.227000000,TEST.L,4454.5,175
2018-02-14D08:02:24.227000000,TEST.L,4449,26
2018-02-14D08:02:24.328000000,TEST.L,4449,26
2018-02-14D08:02:24.328000000,TEST.L,4449,26
2018-02-14D08:02:24.328000000,TEST.L,4449,179
2018-02-14D08:02:24.760000000,TEST.L,4454.5,175
2018-02-14D08:02:24.760000000,TEST.L,4454.5,96
2018-02-14D08:02:24.930000000,TEST.L,4448,42
2018-02-14D08:02:24.967000000,TEST.L,4448,38
2018-02-14D08:02:25.131000000,TEST.L,4448,30
2018-02-14D08:02:25.131000000,TEST.L,4448,32
2018-02-14D08:02:25.132000000,TEST.L,4448,42
2018-02-14D08:02:25.731000000,TEST.L,4447.5,22
2018-02-14D08:02:25.801000000,TEST.L,4454.5,22
2018-02-14D08:02:25.802000000,TEST.L,4451,22
2018-02-14D08:02:25.847000000,TEST.L,4451,22
2018-02-14D08:02:25.847000000,TEST.L,4451,63
2018-02-14D08:02:25.847000000,TEST.L,4451,24
2018-02-14D08:02:25.847000000,TEST.L,4454,101
2018-02-14D08:02:26.229000000,TEST.L,4448,28
2018-02-14D08:02:26.261000000,TEST.L,4451.5,72
2018-02-14D08:02:26.261000000,TEST.L,4454,150
2018-02-14D08:02:26.262000000,TEST.L,4451.5,14
2018-02-14D08:02:26.263000000,TEST.L,4451.5,311
2018-02-14D08:02:26.312000000,TEST.L,4451.5,14
2018-02-14D08:02:26.312000000,TEST.L,4451.5,153
2018-02-14D08:02:26.314000000,TEST.L,4451.5,311
2018-02-14D08:02:26.369000000,TEST.L,4451.5,83
2018-02-14D08:02:27.123000000,TEST.L,4449.5,14
2018-02-14D08:02:27.155000000,TEST.L,4452.5,82
2018-02-14D08:02:27.155000000,TEST.L,4452.5,16
2018-02-14D08:02:27.156000000,TEST.L,4452.5,16
2018-02-14D08:02:27.157000000,TEST.L,4452.5,252
2018-02-14D08:02:27.157000000,TEST.L,4452.5,88
2018-02-14D08:02:27.157000000,TEST.L,4452.5,32
2018-02-14D08:02:27.157000000,TEST.L,4452.5,32
2018-02-14D08:02:27.226000000,TEST.L,4454,82
2018-02-14D08:02:27.226000000,TEST.L,4454,16
2018-02-14D08:02:27.226000000,TEST.L,4454,16
2018-02-14D08:02:27.228000000,TEST.L,4454,170
2018-02-14D08:02:27.228000000,TEST.L,4454,32
2018-02-14D08:02:27.228000000,TEST.L,4454,32
2018-02-14D08:02:28.010000000,TEST.L,4449.5,137
2018-02-14D08:02:31.111000000,TEST.L,4455,53
2018-02-14D08:02:31.111000000,TEST.L,4455,78
2018-02-14D08:02:31.111000000,TEST.L,4455,226
2018-02-14D08:02:31.112000000,TEST.L,4455,90
2018-02-14D08:02:31.112000000,TEST.L,4455,67
2018-02-14D08:02:31.113000000,TEST.L,4455.5,51
2018-02-14D08:02:31.113000000,TEST.L,4455.5,55
2018-02-14D08:02:31.113000000,TEST.L,4452,19
2018-02-14D08:02:31.124000000,TEST.L,4455,19
2018-02-14D08:02:31.125000000,TEST.L,4455,20
2018-02-14D08:02:31.125000000,TEST.L,4455,36
2018-02-14D08:02:31.140000000,TEST.L,4455,29
2018-02-14D08:02:31.675000000,TEST.L,4453.5,9
2018-02-14D08:02:31.676000000,TEST.L,4453.5,19
2018-02-14D08:02:31.699000000,TEST.L,4455,29
2018-02-14D08:02:31.700000000,TEST.L,4453.5,9
2018-02-14D08:02:31.700000000,TEST.L,4453.5,29
2018-02-14D08:02:31.759000000,TEST.L,4453.5,9
2018-02-14D08:02:38.055000000,TEST.L,4454,67
2018-02-14D08:02:40.035000000,TEST.L,4455.5,110
2018-02-14D08:02:40.035000000,TEST.L,4452.5,23
2018-02-14D08:02:40.036000000,TEST.L,4452.5,23
2018-02-14D08:02:40.036000000,TEST.L,4452.5,23
2018-02-14D08:02:40.036000000,TEST.L,4452.5,23
2018-02-14D08:02:40.038000000,TEST.L,4452.5,19
2018-02-14D08:02:53.066000000,TEST.L,4455.5,74
2018-02-14D08:02:53.066000000,TEST.L,4455.5,96
2018-02-14D08:02:53.066000000,TEST.L,4452.5,23
2018-02-14D08:02:53.067000000,TEST.L,4452.5,23
2018-02-14D08:02:53.067000000,TEST.L,4452.5,65
2018-02-14D08:02:53.067000000,TEST.L,4452.5,25
2018-02-14D08:02:53.069000000,TEST.L,4455.5,107
2018-02-14D08:02:53.070000000,TEST.L,4455.5,150
2018-02-14D08:02:53.475000000,TEST.L,4449.5,38
2018-02-14D08:02:53.476000000,TEST.L,4449.5,96
2018-02-14D08:02:55.742000000,TEST.L,4456,101
2018-02-14D08:02:55.743000000,TEST.L,4453,26
2018-02-14D08:02:55.745000000,TEST.L,4453,26
2018-02-14D08:02:55.746000000,TEST.L,4453,26
2018-02-14D08:02:55.746000000,TEST.L,4453,26
2018-02-14D08:02:55.746000000,TEST.L,4453,21
2018-02-14D08:02:55.746000000,TEST.L,4452.5,73
2018-02-14D08:02:55.747000000,TEST.L,4452.5,21
2018-02-14D08:02:55.747000000,TEST.L,4452.5,24
2018-02-14D08:02:55.747000000,TEST.L,4452,26
2018-02-14D08:02:55.747000000,TEST.L,4452.5,26
2018-02-14D08:02:55.747000000,TEST.L,4454.5,52
2018-02-14D08:02:55.747000000,TEST.L,4453,51
2018-02-14D08:02:56.152000000,TEST.L,4450,67
2018-02-14D08:02:56.455000000,TEST.L,4450,108
2018-02-14D08:02:56.556000000,TEST.L,4449.5,24
2018-02-14D08:02:56.556000000,TEST.L,4449.5,66
2018-02-14D08:02:56.556000000,TEST.L,4449.5,44
2018-02-14D08:02:56.748000000,TEST.L,4449.5,9
2018-02-14D08:03:00.409000000,TEST.L,4449.5,111
2018-02-14D08:03:00.409000000,TEST.L,4449.5,76
2018-02-14D08:03:00.409000000,TEST.L,4449.5,63
2018-02-14D08:03:08.136000000,TEST.L,4450,59
2018-02-14D08:03:08.136000000,TEST.L,4449.5,120
2018-02-14D08:03:08.137000000,TEST.L,4449.5,85
2018-02-14D08:03:08.137000000,TEST.L,4449.5,181
2018-02-14D08:03:08.138000000,TEST.L,4449.5,52
2018-02-14D08:03:08.138000000,TEST.L,4449.5,52
2018-02-14D08:03:08.138000000,TEST.L,4449.5,18
2018-02-14D08:03:08.140000000,TEST.L,4449,120
2018-02-14D08:03:08.140000000,TEST.L,4449,27
2018-02-14D08:03:08.140000000,TEST.L,4449,18
2018-02-14D08:03:08.140000000,TEST.L,4449,66
2018-02-14D08:03:08.140000000,TEST.L,4449,9
2018-02-14D08:03:08.140000000,TEST.L,4449,39
2018-02-14D08:03:08.141000000,TEST.L,4449,120
2018-02-14D08:03:08.141000000,TEST.L,4449,120
2018-02-14D08:03:08.163000000,TEST.L,4451,3
2018-02-14D08:03:08.164000000,TEST.L,4451,7
2018-02-14D08:03:08.164000000,TEST.L,4451,1
2018-02-14D08:03:09.053000000,TEST.L,4452.5,29
2018-02-14D08:03:09.053000000,TEST.L,4453.5,187
2018-02-14D08:03:09.053000000,TEST.L,4453.5,49
2018-02-14D08:03:09.053000000,TEST.L,4453.5,171
2018-02-14D08:03:12.324000000,TEST.L,4449,89
2018-02-14D08:03:12.324000000,TEST.L,4449,63
2018-02-14D08:03:22.536000000,TEST.L,4449,40
2018-02-14D08:03:22.536000000,TEST.L,4449,43
2018-02-14D08:03:22.537000000,TEST.L,4448.5,45
2018-02-14D08:03:22.538000000,TEST.L,4448.5,48
2018-02-14D08:03:22.538000000,TEST.L,4448,214
2018-02-14D08:03:22.538000000,TEST.L,4448,11
2018-02-14D08:03:22.540000000,TEST.L,4448,48
2018-02-14D08:03:22.540000000,TEST.L,4447,76
2018-02-14D08:03:22.561000000,TEST.L,4449,32
2018-02-14D08:03:22.561000000,TEST.L,4449,16
2018-02-14D08:03:22.561000000,TEST.L,4449,20
2018-02-14D08:03:22.857000000,TEST.L,4445.5,148
2018-02-14D08:03:24.370000000,TEST.L,4443,175
2018-02-14D08:03:24.372000000,TEST.L,4443,1
2018-02-14D08:03:25.601000000,TEST.L,4443,65
2018-02-14D08:03:26.441000000,TEST.L,4447.5,47
2018-02-14D08:03:26.441000000,TEST.L,4447.5,21
2018-02-14D08:03:27.357000000,TEST.L,4442.5,66
2018-02-14D08:03:27.357000000,TEST.L,4442.5,76
2018-02-14D08:03:30.357000000,TEST.L,4442,139
2018-02-14D08:03:30.359000000,TEST.L,4442,36
2018-02-14D08:03:30.374000000,TEST.L,4442,26
2018-02-14D08:03:30.374000000,TEST.L,4442.5,33
2018-02-14D08:03:30.374000000,TEST.L,4442,219
2018-02-14D08:03:31.010000000,TEST.L,4442.5,26
2018-02-14D08:03:51.066000000,TEST.L,4441.5,175
2018-02-14D08:03:51.068000000,TEST.L,4441.5,42
2018-02-14D08:03:51.169000000,TEST.L,4445,18
2018-02-14D08:03:51.169000000,TEST.L,4445,14
2018-02-14D08:03:53.958000000,TEST.L,4441.5,34
2018-02-14D08:03:53.958000000,TEST.L,4441.5,42
2018-02-14D08:04:00.207000000,TEST.L,4444.5,68
2018-02-14D08:04:00.223000000,TEST.L,4441.5,174
2018-02-14D08:04:00.282000000,TEST.L,4444.5,111
2018-02-14D08:04:00.282000000,TEST.L,4444.5,39
2018-02-14D08:04:20.424000000,TEST.L,4444.5,186
2018-02-14D08:04:20.424000000,TEST.L,4444.5,77
2018-02-14D08:04:20.424000000,TEST.L,4444.5,232
2018-02-14D08:04:20.424000000,TEST.L,4444.5,134
2018-02-14D08:04:20.425000000,TEST.L,4444.5,134
2018-02-14D08:04:20.425000000,TEST.L,4444.5,309
2018-02-14D08:04:20.425000000,TEST.L,4444.5,127
2018-02-14D08:04:20.426000000,TEST.L,4445,20
2018-02-14D08:04:21.488000000,TEST.L,4444.5,77
2018-02-14D08:04:21.489000000,TEST.L,4446,146
2018-02-14D08:04:21.489000000,TEST.L,4446,49
2018-02-14D08:04:22.986000000,TEST.L,4444.5,64
2018-02-14D08:04:22.987000000,TEST.L,4444.5,217
2018-02-14D08:04:23.004000000,TEST.L,4444.5,19
2018-02-14D08:04:23.005000000,TEST.L,4443.5,22
2018-02-14D08:04:23.007000000,TEST.L,4444.5,22
2018-02-14D08:04:23.007000000,TEST.L,4445,192
2018-02-14D08:04:23.007000000,TEST.L,4445,124
2018-02-14D08:04:23.007000000,TEST.L,4446,163
2018-02-14D08:04:24.628000000,TEST.L,4447,236
2018-02-14D08:04:38.726000000,TEST.L,4448.5,170
2018-02-14D08:04:38.727000000,TEST.L,4448.5,139
2018-02-14D08:04:38.728000000,TEST.L,4448.5,70
2018-02-14D08:04:38.729000000,TEST.L,4449,128
2018-02-14D08:04:38.729000000,TEST.L,4449,97
2018-02-14D08:04:38.732000000,TEST.L,4450.5,180
2018-02-14D08:04:38.734000000,TEST.L,4453,94
2018-02-14D08:04:38.799000000,TEST.L,4450,10
2018-02-14D08:04:38.947000000,TEST.L,4448,53
2018-02-14D08:04:38.947000000,TEST.L,4448,77
2018-02-14D08:04:38.947000000,TEST.L,4448,76
2018-02-14D08:04:38.949000000,TEST.L,4448,150
2018-02-14D08:04:38.949000000,TEST.L,4447.5,153
2018-02-14D08:04:38.953000000,TEST.L,4447.5,500
2018-02-14D08:04:38.954000000,TEST.L,4447,134
2018-02-14D08:04:39.009000000,TEST.L,4449.5,389
2018-02-14D08:04:39.010000000,TEST.L,4449.5,102
2018-02-14D08:04:41.388000000,TEST.L,4450,97
2018-02-14D08:04:47.968000000,TEST.L,4450,19
2018-02-14D08:04:47.968000000,TEST.L,4450,161
2018-02-14D08:04:47.970000000,TEST.L,4450,53
2018-02-14D08:04:47.970000000,TEST.L,4450,8
2018-02-14D08:04:47.970000000,TEST.L,4450,43
2018-02-14D08:04:48.048000000,TEST.L,4450,17
2018-02-14D08:04:48.048000000,TEST.L,4450,11
2018-02-14D08:04:48.049000000,TEST.L,4450,222
2018-02-14D08:04:48.049000000,TEST.L,4450,22
2018-02-14D08:04:48.099000000,TEST.L,4450,29
2018-02-14D08:04:50.170000000,TEST.L,4450.5,238
2018-02-14D08:04:53.468000000,TEST.L,4450,134
2018-02-14D08:05:04.794000000,TEST.L,4450.25,12308
2018-02-14D08:05:04.797000000,TEST.L,4450.25,295
2018-02-14D08:05:04.797000000,TEST.L,4450.25,295
2018-02-14D08:05:04.798000000,TEST.L,4451,85
2018-02-14D08:05:04.798000000,TEST.L,4450.25,210
2018-02-14D08:05:04.798000000,TEST.L,4450.5,210
2018-02-14D08:05:04.798000000,TEST.L,4450.5,210
2018-02-14D08:05:04.798000000,TEST.L,4450.25,594
2018-02-14D08:05:04.798000000,TEST.L,4451,90
2018-02-14D08:05:04.798000000,TEST.L,4451,68
2018-02-14D08:05:04.798000000,TEST.L,4451,52
2018-02-14D08:05:04.798000000,TEST.L,4451,78
2018-02-14D08:05:04.799000000,TEST.L,4451,10
2018-02-14D08:05:04.800000000,TEST.L,4451,10
2018-02-14D08:05:04.803000000,TEST.L,4451,10
2018-02-14D08:05:04.994000000,TEST.L,4449.5,39
2018-02-14D08:05:04.994000000,TEST.L,4449.5,76
2018-02-14D08:05:05.007000000,TEST.L,4449,222
2018-02-14D08:05:05.009000000,TEST.L,4449,99
2018-02-14D08:05:05.009000000,TEST.L,4449,120
2018-02-14D08:05:05.009000000,TEST.L,4449,120
2018-02-14D08:05:05.009000000,TEST.L,4449,99
2018-02-14D08:05:05.012000000,TEST.L,4449,120
2018-02-14D08:05:05.012000000,TEST.L,4449,135
2018-02-14D08:05:05.016000000,TEST.L,4449,7
2018-02-14D08:05:05.697000000,TEST.L,4448.5,203
2018-02-14D08:05:05.697000000,TEST.L,4448.5,206
2018-02-14D08:05:05.697000000,TEST.L,4448,98
2018-02-14D08:05:05.698000000,TEST.L,4448,85
2018-02-14D08:05:05.698000000,TEST.L,4447,52
2018-02-14D08:05:05.698000000,TEST.L,4447,96
2018-02-14D08:05:06.588000000,TEST.L,4447,33
2018-02-14D08:05:10.095000000,TEST.L,4449,32
2018-02-14D08:05:10.095000000,TEST.L,4449,144
2018-02-14D08:05:10.095000000,TEST.L,4449.5,175
2018-02-14D08:05:10.095000000,TEST.L,4449.5,127
2018-02-14D08:05:10.096000000,TEST.L,4450,203
2018-02-14D08:05:10.096000000,TEST.L,4450,442
2018-02-14D08:05:10.121000000,TEST.L,4449.5,55
2018-02-14D08:05:10.123000000,TEST.L,4449.5,38
2018-02-14D08:05:10.123000000,TEST.L,4449.5,142
2018-02-14D08:05:10.161000000,TEST.L,4446.5,15
2018-02-14D08:05:14.504000000,TEST.L,4449.5,175
2018-02-14D08:05:14.505000000,TEST.L,4449.5,139
2018-02-14D08:05:14.505000000,TEST.L,4449.5,50
2018-02-14D08:05:14.505000000,TEST.L,4450,362
2018-02-14D08:05:14.528000000,TEST.L,4450,21
2018-02-14D08:05:14.528000000,TEST.L,4450,475
2018-02-14D08:05:14.529000000,TEST.L,4450,200
2018-02-14D08:05:14.529000000,TEST.L,4450,51
2018-02-14D08:05:14.674000000,TEST.L,4449.5,220
2018-02-14D08:05:14.674000000,TEST.L,4450.5,175
2018-02-14D08:05:15.675000000,TEST.L,4450,97
2018-02-14D08:05:19.146000000,TEST.L,4450,43
2018-02-14D08:05:25.093000000,TEST.L,4447,120
2018-02-14D08:05:25.093000000,TEST.L,4447,120
2018-02-14D08:05:25.094000000,TEST.L,4447,120
2018-02-14D08:05:25.096000000,TEST.L,4447,120
2018-02-14D08:05:25.097000000,TEST.L,4447,83
2018-02-14D08:05:25.347000000,TEST.L,4448.5,25
2018-02-14D08:05:25.347000000,TEST.L,4448.5,28
2018-02-14D08:05:25.347000000,TEST.L,4448.5,51
2018-02-14D08:05:25.347000000,TEST.L,4449,22
2018-02-14D08:05:35.524000000,TEST.L,4449,2
2018-02-14D08:05:35.524000000,TEST.L,4449,19
2018-02-14D08:05:35.526000000,TEST.L,4449,170
2018-02-14D08:05:35.526000000,TEST.L,4449,140
2018-02-14D08:05:35.526000000,TEST.L,4447.5,28
2018-02-14D08:05:35.548000000,TEST.L,4449,28
2018-02-14D08:05:35.549000000,TEST.L,4449.5,52
2018-02-14D08:05:41.026000000,TEST.L,4448.5,56
2018-02-14D08:05:41.026000000,TEST.L,4448.5,17
2018-02-14D08:05:41.026000000,TEST.L,4448.5,139
2018-02-14D08:05:42.028000000,TEST.L,4449,228
2018-02-14D08:05:42.028000000,TEST.L,4449,50
2018-02-14D08:05:42.029000000,TEST.L,4449,43
2018-02-14D08:05:42.030000000,TEST.L,4449,22
2018-02-14D08:05:42.111000000,TEST.L,4449,47
2018-02-14D08:05:42.111000000,TEST.L,4449,29
2018-02-14D08:05:42.688000000,TEST.L,4449,110
2018-02-14D08:05:45.774000000,TEST.L,4447.5,76
2018-02-14D08:05:45.774000000,TEST.L,4447.5,116
2018-02-14D08:05:45.797000000,TEST.L,4449,21
2018-02-14D08:05:47.534000000,TEST.L,4447.5,42
2018-02-14D08:05:47.534000000,TEST.L,4448,53
2018-02-14D08:05:47.535000000,TEST.L,4448.5,53
2018-02-14D08:05:47.535000000,TEST.L,4448.5,19
2018-02-14D08:05:47.535000000,TEST.L,4448.5,158
2018-02-14D08:05:48.483000000,TEST.L,4446,10
2018-02-14D08:05:48.483000000,TEST.L,4446,179
2018-02-14D08:05:48.483000000,TEST.L,4446,120
2018-02-14D08:05:48.484000000,TEST.L,4446,120
2018-02-14D08:05:48.486000000,TEST.L,4446,120
2018-02-14D08:05:48.486000000,TEST.L,4446,55
2018-02-14D08:05:48.486000000,TEST.L,4446,58
2018-02-14D08:05:48.486000000,TEST.L,4446,37
2018-02-14D08:05:53.666000000,TEST.L,4448,30
2018-02-14D08:05:53.667000000,TEST.L,4448,104
2018-02-14D08:05:53.667000000,TEST.L,4448,196
2018-02-14D08:05:53.667000000,TEST.L,4448,49
2018-02-14D08:05:53.688000000,TEST.L,4445.5,89
2018-02-14D08:05:54.357000000,TEST.L,4445,80
2018-02-14D08:05:54.357000000,TEST.L,4445,33
2018-02-14D08:05:57.405000000,TEST.L,4444.5,226
2018-02-14D08:05:57.405000000,TEST.L,4444.5,233
2018-02-14D08:05:57.406000000,TEST.L,4444.5,122
2018-02-14D08:05:57.406000000,TEST.L,4443.5,98
2018-02-14D08:06:00.382000000,TEST.L,4442,12
2018-02-14D08:06:03.466000000,TEST.L,4444,20
2018-02-14D08:06:03.466000000,TEST.L,4444,181
2018-02-14D08:06:07.617000000,TEST.L,4444.5,75
2018-02-14D08:06:07.617000000,TEST.L,4444.5,50
2018-02-14D08:06:07.617000000,TEST.L,4444.5,129
2018-02-14D08:06:07.620000000,TEST.L,4445,51
2018-02-14D08:06:07.620000000,TEST.L,4445,237
2018-02-14D08:06:07.620000000,TEST.L,4445.5,139
2018-02-14D08:06:07.620000000,TEST.L,4445.5,131
2018-02-14D08:06:07.620000000,TEST.L,4446,48
2018-02-14D08:06:07.666000000,TEST.L,4444,50
2018-02-14D08:06:07.666000000,TEST.L,4444,19
2018-02-14D08:06:09.472000000,TEST.L,4446,34
2018-02-14D08:06:09.472000000,TEST.L,4446,14
2018-02-14D08:06:09.472000000,TEST.L,4446,42
2018-02-14D08:06:13.515000000,TEST.L,4446,219
2018-02-14D08:06:13.515000000,TEST.L,4446,50
2018-02-14D08:06:13.515000000,TEST.L,4446,69
2018-02-14D08:06:13.517000000,TEST.L,4446.5,77
2018-02-14D08:06:13.521000000,TEST.L,4446,69
2018-02-14D08:06:21.847000000,TEST.L,4448,175
2018-02-14D08:06:21.847000000,TEST.L,4448,100
2018-02-14D08:06:21.847000000,TEST.L,4448.5,49
2018-02-14D08:06:21.861000000,TEST.L,4446.5,13
2018-02-14D08:06:23.099000000,TEST.L,4446.5,76
2018-02-14D08:06:23.099000000,TEST.L,4446.5,120
2018-02-14D08:06:23.099000000,TEST.L,4446.5,120
2018-02-14D08:06:23.100000000,TEST.L,4446.5,120
2018-02-14D08:06:23.100000000,TEST.L,4446.5,120
2018-02-14D08:06:23.100000000,TEST.L,4446.5,51
2018-02-14D08:06:23.100000000,TEST.L,4448,175
2018-02-14D08:06:23.104000000,TEST.L,4445.5,39
2018-02-14D08:06:26.156000000,TEST.L,4447.5,144
2018-02-14D08:06:26.156000000,TEST.L,4447.5,88
2018-02-14D08:06:26.204000000,TEST.L,4447.5,58
2018-02-14D08:06:26.204000000,TEST.L,4447.5,56
2018-02-14D08:06:26.206000000,TEST.L,4447.5,86
2018-02-14D08:06:26.216000000,TEST.L,4445.5,101
2018-02-14D08:06:26.220000000,TEST.L,4447.5,53
2018-02-14D08:06:26.222000000,TEST.L,4448,98
2018-02-14D08:06:32.065000000,TEST.L,4447.5,88
2018-02-14D08:06:32.065000000,TEST.L,4447.5,218
2018-02-14D08:06:32.065000000,TEST.L,4448,49
2018-02-14D08:06:32.066000000,TEST.L,4448,48
2018-02-14D08:06:37.287000000,TEST.L,4449,47
2018-02-14D08:06:37.289000000,TEST.L,4449,1
2018-02-14D08:06:37.289000000,TEST.L,4449,95
2018-02-14D08:06:45.565000000,TEST.L,4448.5,68
2018-02-14D08:06:45.566000000,TEST.L,4448.5,18
2018-02-14D08:06:45.566000000,TEST.L,4448.5,188
2018-02-14D08:06:45.567000000,TEST.L,4448.5,77
2018-02-14D08:06:45.567000000,TEST.L,4449,30
2018-02-14D08:06:45.567000000,TEST.L,4449,46
2018-02-14D08:06:47.161000000,TEST.L,4447.5,76
2018-02-14D08:06:47.161000000,TEST.L,4447.5,34
2018-02-14D08:06:47.164000000,TEST.L,4447.5,36
2018-02-14D08:06:49.958000000,TEST.L,4448,55
2018-02-14D08:06:49.958000000,TEST.L,4448.5,22
2018-02-14D08:06:49.958000000,TEST.L,4448.5,143
2018-02-14D08:06:49.958000000,TEST.L,4447,23
2018-02-14D08:06:51.586000000,TEST.L,4446.5,35
2018-02-14D08:06:51.586000000,TEST.L,4446.5,120
2018-02-14D08:06:51.586000000,TEST.L,4446.5,115
2018-02-14D08:06:51.586000000,TEST.L,4446.5,120
2018-02-14D08:06:51.586000000,TEST.L,4446.5,204
2018-02-14D08:06:51.586000000,TEST.L,4446,175
2018-02-14D08:06:51.588000000,TEST.L,4446,197
2018-02-14D08:06:51.588000000,TEST.L,4446,199
2018-02-14D08:06:51.589000000,TEST.L,4446,335
2018-02-14D08:06:51.589000000,TEST.L,4446,23
2018-02-14D08:06:51.589000000,TEST.L,4445.5,84
2018-02-14D08:06:51.589000000,TEST.L,4445.5,104
2018-02-14D08:06:51.590000000,TEST.L,4445.5,165
2018-02-14D08:06:51.590000000,TEST.L,4445,59
2018-02-14D08:06:52.253000000,TEST.L,4443.5,175
2018-02-14D08:06:53.823000000,TEST.L,4445,46
2018-02-14D08:06:53.824000000,TEST.L,4443.5,40
2018-02-14D08:06:53.824000000,TEST.L,4445,40
2018-02-14D08:06:53.824000000,TEST.L,4445,20
2018-02-14D08:06:57.301000000,TEST.L,4445.5,88
2018-02-14D08:06:57.301000000,TEST.L,4445.5,67
2018-02-14D08:06:57.301000000,TEST.L,4445.5,188
2018-02-14D08:06:57.343000000,TEST.L,4445.5,67
2018-02-14D08:06:57.345000000,TEST.L,4446,139
2018-02-14D08:06:57.345000000,TEST.L,4446.5,175
2018-02-14D08:06:57.345000000,TEST.L,4446.5,128
2018-02-14D08:06:58.521000000,TEST.L,4446,48
2018-02-14D08:06:58.521000000,TEST.L,4446,152
2018-02-14D08:06:58.522000000,TEST.L,4444.5,26
2018-02-14D08:07:05.314000000,TEST.L,4443,78
2018-02-14D08:07:05.338000000,TEST.L,4444,21
2018-02-14D08:07:05.339000000,TEST.L,4444,15
2018-02-14D08:07:11.290000000,TEST.L,4445,18
2018-02-14D08:07:11.290000000,TEST.L,4445,41
2018-02-14D08:07:11.290000000,TEST.L,4445,141
2018-02-14D08:07:11.291000000,TEST.L,4445,45
2018-02-14D08:07:11.291000000,TEST.L,4445,75
2018-02-14D08:07:11.688000000,TEST.L,4445,75
2018-02-14D08:07:11.688000000,TEST.L,4445.5,48
2018-02-14D08:07:11.690000000,TEST.L,4445.5,39
2018-02-14D08:07:12.127000000,TEST.L,4444,82
2018-02-14D08:07:12.127000000,TEST.L,4444,21
2018-02-14D08:07:12.132000000,TEST.L,4444,12
2018-02-14D08:07:16.364000000,TEST.L,4445,46
2018-02-14D08:07:16.364000000,TEST.L,4445,109
2018-02-14D08:07:16.370000000,TEST.L,4445,15
2018-02-14D08:07:20.483000000,TEST.L,4444,111
2018-02-14D08:07:20.483000000,TEST.L,4444,87
2018-02-14D08:07:20.484000000,TEST.L,4444,33
2018-02-14D08:07:20.484000000,TEST.L,4444,49
2018-02-14D08:07:20.484000000,TEST.L,4444,87
2018-02-14D08:07:20.484000000,TEST.L,4444,120
2018-02-14D08:07:20.484000000,TEST.L,4444,49
2018-02-14D08:07:20.485000000,TEST.L,4444,82
2018-02-14D08:07:20.487000000,TEST.L,4444,38
2018-02-14D08:07:20.487000000,TEST.L,4444,67
2018-02-14D08:07:20.488000000,TEST.L,4443.5,90
2018-02-14D08:07:20.488000000,TEST.L,4443.5,109
2018-02-14D08:07:20.488000000,TEST.L,4443.5,53
2018-02-14D08:07:20.488000000,TEST.L,4443.5,52
2018-02-14D08:07:20.506000000,TEST.L,4443,38
2018-02-14D08:07:20.521000000,TEST.L,4443,20
2018-02-14D08:07:20.528000000,TEST.L,4443,8
2018-02-14D08:07:29.884000000,TEST.L,4445,41
2018-02-14D08:07:36.973000000,TEST.L,4445,22
2018-02-14D08:07:37.927000000,TEST.L,4445,10
2018-02-14D08:07:37.927000000,TEST.L,4445,223
2018-02-14D08:07:37.927000000,TEST.L,4445,10
2018-02-14D08:07:37.928000000,TEST.L,4445,44
2018-02-14D08:07:37.932000000,TEST.L,4445,90
2018-02-14D08:07:37.932000000,TEST.L,4445,1808
2018-02-14D08:07:37.933000000,TEST.L,4445.5,139
2018-02-14D08:07:37.933000000,TEST.L,4445.5,61
2018-02-14D08:07:42.033000000,TEST.L,4445,15
2018-02-14D08:07:42.033000000,TEST.L,4445,208
2018-02-14D08:07:42.033000000,TEST.L,4445,65
2018-02-14D08:07:42.038000000,TEST.L,4445.5,238
2018-02-14D08:07:42.047000000,TEST.L,4445,65
2018-02-14D08:07:42.048000000,TEST.L,4445,177
2018-02-14D08:07:43.312000000,TEST.L,4446,200
2018-02-14D08:07:43.313000000,TEST.L,4446,140
2018-02-14D08:07:43.313000000,TEST.L,4446,296
2018-02-14D08:07:43.334000000,TEST.L,4446,51
2018-02-14D08:07:43.357000000,TEST.L,4446,149
2018-02-14D08:07:43.357000000,TEST.L,4446,175
2018-02-14D08:07:44.358000000,TEST.L,4446,200
2018-02-14D08:07:44.358000000,TEST.L,4446,200
2018-02-14D08:07:44.379000000,TEST.L,4446,200
2018-02-14D08:07:44.380000000,TEST.L,4446,178
2018-02-14D08:07:44.380000000,TEST.L,4446,2549
2018-02-14D08:07:44.973000000,TEST.L,4446.5,137
2018-02-14D08:07:44.973000000,TEST.L,4446.5,126
2018-02-14D08:07:44.974000000,TEST.L,4447,138
2018-02-14D08:07:44.974000000,TEST.L,4447.5,50
2018-02-14D08:07:45.871000000,TEST.L,4448.5,54
2018-02-14D08:07:45.990000000,TEST.L,4448.5,69
2018-02-14D08:07:45.990000000,TEST.L,4448,76
2018-02-14D08:07:45.992000000,TEST.L,4448.5,69
2018-02-14D08:07:45.994000000,TEST.L,4448.5,69
2018-02-14D08:07:46.150000000,TEST.L,4448.5,69
2018-02-14D08:07:46.150000000,TEST.L,4448.5,69
2018-02-14D08:07:48.028000000,TEST.L,4449.5,199
2018-02-14D08:07:48.032000000,TEST.L,4450,18
2018-02-14D08:07:48.032000000,TEST.L,4450,192
2018-02-14D08:07:48.032000000,TEST.L,4450,721
2018-02-14D08:07:48.032000000,TEST.L,4450,278
2018-02-14D08:07:48.032000000,TEST.L,4450,122
2018-02-14D08:07:48.032000000,TEST.L,4450,278
2018-02-14D08:07:48.034000000,TEST.L,4450,408
2018-02-14D08:07:48.034000000,TEST.L,4450,191
2018-02-14D08:07:48.034000000,TEST.L,4450,122
2018-02-14D08:07:48.034000000,TEST.L,4450,877
2018-02-14D08:07:48.034000000,TEST.L,4450,313
2018-02-14D08:07:48.034000000,TEST.L,4450,193
2018-02-14D08:07:48.046000000,TEST.L,4450,100
2018-02-14D08:07:48.070000000,TEST.L,4449.5,69
2018-02-14D08:07:48.070000000,TEST.L,4449,200
2018-02-14D08:07:48.070000000,TEST.L,4449.5,69
2018-02-14D08:07:48.497000000,TEST.L,4447.5,69
2018-02-14D08:07:48.497000000,TEST.L,4447,159
2018-02-14D08:07:48.845000000,TEST.L,4448.5,43
2018-02-14D08:07:48.845000000,TEST.L,4449.5,175
2018-02-14D08:07:48.845000000,TEST.L,4449.5,34
2018-02-14D08:07:48.847000000,TEST.L,4450,270
2018-02-14D08:07:48.847000000,TEST.L,4450,343
2018-02-14D08:07:48.851000000,TEST.L,4450,100
2018-02-14D08:07:48.852000000,TEST.L,4450,556
2018-02-14D08:07:48.852000000,TEST.L,4450,100
2018-02-14D08:07:49.300000000,TEST.L,4450,100
2018-02-14D08:07:49.301000000,TEST.L,4450,100
2018-02-14D08:07:49.303000000,TEST.L,4450,24
2018-02-14D08:07:49.305000000,TEST.L,4450.5,53
2018-02-14D08:07:49.313000000,TEST.L,4451,69
2018-02-14D08:07:49.314000000,TEST.L,4451,36
2018-02-14D08:07:51.164000000,TEST.L,4450,82
2018-02-14D08:07:51.165000000,TEST.L,4450,15
2018-02-14D08:07:51.322000000,TEST.L,4450.5,69
2018-02-14D08:07:52.176000000,TEST.L,4450,33
2018-02-14D08:07:52.176000000,TEST.L,4450,69
2018-02-14D08:07:52.177000000,TEST.L,4450,96
2018-02-14D08:07:52.191000000,TEST.L,4450,24
2018-02-14D08:07:52.191000000,TEST.L,4450,69
2018-02-14D08:07:52.191000000,TEST.L,4450,209
2018-02-14D08:07:52.197000000,TEST.L,4450,120
2018-02-14D08:07:52.197000000,TEST.L,4450,45
2018-02-14D08:07:52.197000000,TEST.L,4449.5,175
2018-02-14D08:07:52.197000000,TEST.L,4449.5,160
2018-02-14D08:07:52.201000000,TEST.L,4449,120
2018-02-14D08:07:52.202000000,TEST.L,4449,222
2018-02-14D08:07:52.202000000,TEST.L,4449,95
2018-02-14D08:07:52.202000000,TEST.L,4449,63
2018-02-14D08:07:52.204000000,TEST.L,4449,120
2018-02-14D08:07:52.204000000,TEST.L,4449,69
2018-02-14D08:07:52.210000000,TEST.L,4450,1
2018-02-14D08:07:54.359000000,TEST.L,4449,120
2018-02-14D08:07:54.359000000,TEST.L,4449,19
2018-02-14D08:07:54.359000000,TEST.L,4449,21
2018-02-14D08:07:54.359000000,TEST.L,4449,102
2018-02-14D08:07:54.360000000,TEST.L,4449,69
2018-02-14D08:07:54.360000000,TEST.L,4449,19
2018-02-14D08:07:54.364000000,TEST.L,4450.25,313
2018-02-14D08:07:57.363000000,TEST.L,4450.5,11635
2018-02-14D08:07:57.374000000,TEST.L,4450,69
2018-02-14D08:07:57.374000000,TEST.L,4449.5,153
2018-02-14D08:07:58.121000000,TEST.L,4449.5,69
2018-02-14D08:07:58.174000000,TEST.L,4449,50
2018-02-14D08:07:58.178000000,TEST.L,4449,20
2018-02-14D08:07:58.178000000,TEST.L,4449,193
2018-02-14D08:07:58.178000000,TEST.L,4449,69
2018-02-14D08:08:00.377000000,TEST.L,4448,69
2018-02-14D08:08:00.377000000,TEST.L,4448,78
2018-02-14D08:08:00.377000000,TEST.L,4447.5,101
2018-02-14D08:08:02.367000000,TEST.L,4449.5,100
2018-02-14D08:08:02.367000000,TEST.L,4450,1200
2018-02-14D08:08:03.357000000,TEST.L,4449,92
2018-02-14D08:08:03.775000000,TEST.L,4451,47
2018-02-14D08:08:03.803000000,TEST.L,4451,50
2018-02-14D08:08:03.803000000,TEST.L,4451.5,29
2018-02-14D08:08:03.816000000,TEST.L,4451.5,62
2018-02-14D08:08:03.821000000,TEST.L,4451.5,80
2018-02-14D08:08:03.845000000,TEST.L,4452.5,148
2018-02-14D08:08:03.868000000,TEST.L,4452.5,56
2018-02-14D08:08:03.868000000,TEST.L,4452.5,48
2018-02-14D08:08:05.398000000,TEST.L,4452.25,175
2018-02-14D08:08:05.429000000,TEST.L,4452,92
2018-02-14D08:08:05.429000000,TEST.L,4451.5,11
2018-02-14D08:08:05.431000000,TEST.L,4451.5,36
2018-02-14D08:08:06.357000000,TEST.L,4451.5,33
2018-02-14D08:08:06.357000000,TEST.L,4451.5,92
2018-02-14D08:08:09.359000000,TEST.L,4450.5,92
2018-02-14D08:08:09.359000000,TEST.L,4449.5,175
2018-02-14D08:08:12.357000000,TEST.L,4450,100
2018-02-14D08:08:12.359000000,TEST.L,4450,39
2018-02-14D08:08:12.359000000,TEST.L,4450,53
2018-02-14D08:08:12.380000000,TEST.L,4450,92
2018-02-14D08:08:12.380000000,TEST.L,4450,53
2018-02-14D08:08:15.359000000,TEST.L,4448.5,60
2018-02-14D08:08:15.359000000,TEST.L,4448.5,85
2018-02-14D08:08:17.031000000,TEST.L,4449.5,21
2018-02-14D08:08:17.033000000,TEST.L,4449.5,88
2018-02-14D08:08:17.048000000,TEST.L,4449.5,73
2018-02-14D08:08:17.062000000,TEST.L,4449.5,92
2018-02-14D08:08:17.062000000,TEST.L,4448.5,175
2018-02-14D08:08:17.062000000,TEST.L,4448,53
2018-02-14D08:08:18.358000000,TEST.L,4448,1
2018-02-14D08:08:18.358000000,TEST.L,4448,120
2018-02-14D08:08:18.358000000,TEST.L,4448,71
2018-02-14D08:08:18.375000000,TEST.L,4448,120
2018-02-14D08:08:20.725000000,TEST.L,4448,120
2018-02-14D08:08:21.846000000,TEST.L,4449.5,101
2018-02-14D08:08:21.846000000,TEST.L,4449.5,33
2018-02-14D08:08:21.846000000,TEST.L,4449.5,101
2018-02-14D08:08:21.970000000,TEST.L,4450,220
2018-02-14D08:08:21.971000000,TEST.L,4450,59
2018-02-14D08:08:21.971000000,TEST.L,4450,101
2018-02-14D08:08:35.006000000,TEST.L,4450,100
2018-02-14D08:08:35.024000000,TEST.L,4450,76
2018-02-14D08:08:38.081000000,TEST.L,4449.5,59
2018-02-14D08:08:38.081000000,TEST.L,4449.5,61
2018-02-14D08:08:38.081000000,TEST.L,4449.5,59
2018-02-14D08:08:38.081000000,TEST.L,4449.5,92
2018-02-14D08:08:38.082000000,TEST.L,4449.5,61
2018-02-14D08:08:38.083000000,TEST.L,4449.5,25
2018-02-14D08:08:39.339000000,TEST.L,4449,212
2018-02-14D08:08:39.339000000,TEST.L,4449,225
2018-02-14D08:08:39.341000000,TEST.L,4449,30
2018-02-14D08:08:39.361000000,TEST.L,4449,37
2018-02-14D08:08:39.361000000,TEST.L,4449,35
2018-02-14D08:08:39.361000000,TEST.L,4449.5,47
2018-02-14D08:08:39.480000000,TEST.L,4449.5,147
2018-02-14D08:08:41.865000000,TEST.L,4448.5,26
2018-02-14D08:08:41.865000000,TEST.L,4448.5,28
2018-02-14D08:08:41.865000000,TEST.L,4448.5,92
2018-02-14D08:08:43.998000000,TEST.L,4449,56
2018-02-14D08:08:43.998000000,TEST.L,4449,221
2018-02-14D08:08:49.937000000,TEST.L,4449,42
2018-02-14D08:08:49.942000000,TEST.L,4449.5,78
2018-02-14D08:08:49.942000000,TEST.L,4449.5,214
2018-02-14D08:08:49.949000000,TEST.L,4450,12
2018-02-14D08:08:59.189000000,TEST.L,4450,37
2018-02-14D08:08:59.189000000,TEST.L,4450,185
2018-02-14D08:08:59.214000000,TEST.L,4450,5
2018-02-14D08:08:59.214000000,TEST.L,4450,25
2018-02-14D08:09:00.260000000,TEST.L,4450,72
2018-02-14D08:09:00.262000000,TEST.L,4450,126
2018-02-14D08:09:00.262000000,TEST.L,4450,110
2018-02-14D08:09:00.263000000,TEST.L,4450,15
2018-02-14D08:09:00.949000000,TEST.L,4450.5,133
2018-02-14D08:09:02.200000000,TEST.L,4450,59
2018-02-14D08:09:02.200000000,TEST.L,4450,76
2018-02-14D08:09:02.202000000,TEST.L,4450,100
2018-02-14D08:09:02.564000000,TEST.L,4450.5,63
2018-02-14D08:09:05.340000000,TEST.L,4450.5,157
2018-02-14D08:09:05.340000000,TEST.L,4450.5,106
2018-02-14D08:09:05.342000000,TEST.L,4450.5,19
2018-02-14D08:09:05.343000000,TEST.L,4450.5,32
2018-02-14D08:09:05.344000000,TEST.L,4450.5,29
2018-02-14D08:09:05.455000000,TEST.L,4451,58
2018-02-14D08:09:05.455000000,TEST.L,4451,125
2018-02-14D08:09:05.455000000,TEST.L,4451.5,47
2018-02-14D08:09:05.456000000,TEST.L,4451.5,48
2018-02-14D08:09:05.456000000,TEST.L,4451.5,35
2018-02-14D08:09:05.456000000,TEST.L,4451.5,26
2018-02-14D08:09:05.456000000,TEST.L,4451.5,120
2018-02-14D08:09:05.456000000,TEST.L,4451.5,103
2018-02-14D08:09:05.457000000,TEST.L,4452,139
2018-02-14D08:09:05.457000000,TEST.L,4452.5,53
2018-02-14D08:09:05.471000000,TEST.L,4453,55
2018-02-14D08:09:05.472000000,TEST.L,4453.5,175
2018-02-14D08:09:05.472000000,TEST.L,4454,211
2018-02-14D08:09:05.473000000,TEST.L,4454,10
2018-02-14D08:09:05.473000000,TEST.L,4454.5,175
2018-02-14D08:09:05.473000000,TEST.L,4455,207
2018-02-14D08:09:05.532000000,TEST.L,4455.5,147
2018-02-14D08:09:05.532000000,TEST.L,4455.5,28
2018-02-14D08:09:07.350000000,TEST.L,4453,194
2018-02-14D08:09:11.069000000,TEST.L,4455,47
2018-02-14D08:09:11.069000000,TEST.L,4455,14
2018-02-14D08:09:11.092000000,TEST.L,4455,19
2018-02-14D08:09:15.635000000,TEST.L,4455,100
2018-02-14D08:09:15.635000000,TEST.L,4455,100
2018-02-14D08:09:15.637000000,TEST.L,4455,2
2018-02-14D08:09:15.679000000,TEST.L,4455.5,145
2018-02-14D08:09:15.679000000,TEST.L,4456,219
2018-02-14D08:09:15.680000000,TEST.L,4456,48
2018-02-14D08:09:15.680000000,TEST.L,4456,69
2018-02-14D08:09:15.680000000,TEST.L,4456,33
2018-02-14D08:09:17.161000000,TEST.L,4456.5,88
2018-02-14D08:09:17.178000000,TEST.L,4458,18
2018-02-14D08:09:17.665000000,TEST.L,4455.5,67
2018-02-14D08:09:17.665000000,TEST.L,4455.5,21
2018-02-14D08:09:18.293000000,TEST.L,4455,11
2018-02-14D08:09:19.673000000,TEST.L,4457.5,56
2018-02-14D08:09:19.673000000,TEST.L,4457.5,53
2018-02-14D08:09:19.673000000,TEST.L,4457.5,47
2018-02-14D08:09:19.834000000,TEST.L,4456.5,25
2018-02-14D08:09:23.757000000,TEST.L,4457,19
2018-02-14D08:09:23.757000000,TEST.L,4457,1
2018-02-14D08:09:23.783000000,TEST.L,4457,69
2018-02-14D08:09:23.783000000,TEST.L,4457,32
2018-02-14D08:09:23.783000000,TEST.L,4457,44
2018-02-14D08:09:23.795000000,TEST.L,4456,20
2018-02-14D08:09:23.797000000,TEST.L,4456.5,199
2018-02-14D08:09:23.797000000,TEST.L,4456,155
2018-02-14D08:09:23.797000000,TEST.L,4456,1005
2018-02-14D08:09:23.798000000,TEST.L,4456,175
2018-02-14D08:09:23.798000000,TEST.L,4455.5,95
2018-02-14D08:09:26.573000000,TEST.L,4455.5,25
2018-02-14D08:09:26.573000000,TEST.L,4455.5,120
2018-02-14D08:09:26.574000000,TEST.L,4455.5,25
2018-02-14D08:09:26.574000000,TEST.L,4455.5,95
2018-02-14D08:09:26.576000000,TEST.L,4455.5,25
2018-02-14D08:09:26.937000000,TEST.L,4455.5,120
2018-02-14D08:09:31.099000000,TEST.L,4455.5,59
2018-02-14D08:09:31.100000000,TEST.L,4455,100
2018-02-14D08:09:31.100000000,TEST.L,4455,220
2018-02-14D08:09:31.100000000,TEST.L,4454.5,179
2018-02-14D08:09:31.102000000,TEST.L,4454.5,105
2018-02-14D08:09:31.125000000,TEST.L,4454.5,19
2018-02-14D08:09:33.355000000,TEST.L,4455,28
2018-02-14D08:09:33.358000000,TEST.L,4454.5,70
2018-02-14D08:09:33.359000000,TEST.L,4454,99
2018-02-14D08:09:33.359000000,TEST.L,4454,120
2018-02-14D08:09:33.359000000,TEST.L,4454,120
2018-02-14D08:09:33.360000000,TEST.L,4454,55
2018-02-14D08:09:33.360000000,TEST.L,4454,120
2018-02-14D08:09:36.240000000,TEST.L,4454,65
2018-02-14D08:09:36.240000000,TEST.L,4454,70
2018-02-14D08:09:36.316000000,TEST.L,4454.5,34
2018-02-14D08:09:36.360000000,TEST.L,4454,43
2018-02-14D08:09:36.360000000,TEST.L,4454,96
2018-02-14D08:09:36.722000000,TEST.L,4454,79
2018-02-14D08:09:36.722000000,TEST.L,4454,34
2018-02-14D08:09:36.723000000,TEST.L,4454,33
2018-02-14D08:09:36.723000000,TEST.L,4454,31
2018-02-14D08:09:36.723000000,TEST.L,4454,70
2018-02-14D08:09:36.823000000,TEST.L,4456,58
2018-02-14D08:09:37.118000000,TEST.L,4454,49
2018-02-14D08:09:37.118000000,TEST.L,4454,70
2018-02-14D08:09:39.166000000,TEST.L,4454,62
2018-02-14D08:09:39.166000000,TEST.L,4454,70
2018-02-14D08:09:39.181000000,TEST.L,4453.5,174
2018-02-14D08:09:43.395000000,TEST.L,4455,227
2018-02-14D08:09:43.420000000,TEST.L,4454.5,13
2018-02-14D08:09:43.420000000,TEST.L,4454.5,70
2018-02-14D08:09:43.420000000,TEST.L,4454,92
2018-02-14D08:09:43.422000000,TEST.L,4455,13
2018-02-14D08:09:43.422000000,TEST.L,4455,7
2018-02-14D08:09:45.870000000,TEST.L,4455,10
2018-02-14D08:09:45.870000000,TEST.L,4455,13
2018-02-14D08:09:45.870000000,TEST.L,4455,14
2018-02-14D08:09:45.871000000,TEST.L,4455,233
2018-02-14D08:09:45.871000000,TEST.L,4455.5,97
2018-02-14D08:09:45.871000000,TEST.L,4455.5,53
2018-02-14D08:09:45.872000000,TEST.L,4455.5,48
2018-02-14D08:09:45.906000000,TEST.L,4454,70
2018-02-14D08:09:48.444000000,TEST.L,4455,15
2018-02-14D08:09:48.448000000,TEST.L,4455,201
2018-02-14D08:09:48.448000000,TEST.L,4455,134
2018-02-14D08:09:48.448000000,TEST.L,4455,123
2018-02-14D08:09:53.529000000,TEST.L,4455,70
2018-02-14D08:09:53.529000000,TEST.L,4455,64
2018-02-14D08:09:53.530000000,TEST.L,4455,223
2018-02-14D08:09:53.530000000,TEST.L,4455,44
2018-02-14D08:09:53.550000000,TEST.L,4455,16
2018-02-14D08:09:53.550000000,TEST.L,4455,100
2018-02-14D08:09:53.550000000,TEST.L,4455,26
2018-02-14D08:09:53.556000000,TEST.L,4454,175
2018-02-14D08:09:53.556000000,TEST.L,4454,70
2018-02-14D08:09:54.160000000,TEST.L,4455.5,175
2018-02-14D08:09:54.168000000,TEST.L,4456,217
2018-02-14D08:09:54.184000000,TEST.L,4455.5,142
2018-02-14D08:09:54.184000000,TEST.L,4455.5,70
2018-02-14D08:09:54.380000000,TEST.L,4454.5,70
2018-02-14D08:09:54.502000000,TEST.L,4454,93
2018-02-14D08:09:57.951000000,TEST.L,4456.5,127
2018-02-14D08:09:57.953000000,TEST.L,4456.5,73
2018-02-14D08:09:57.953000000,TEST.L,4456.5,69
2018-02-14D08:09:57.953000000,TEST.L,4457,51
2018-02-14D08:09:57.972000000,TEST.L,4456.5,108
2018-02-14D08:09:57.972000000,TEST.L,4456.5,65
2018-02-14D08:09:57.972000000,TEST.L,4456.5,13
2018-02-14D08:09:57.972000000,TEST.L,4456.5,11
2018-02-14D08:09:57.973000000,TEST.L,4456.5,56
2018-02-14D08:09:57.973000000,TEST.L,4456.5,10
2018-02-14D08:09:57.973000000,TEST.L,4456.5,12
2018-02-14D08:09:58.377000000,TEST.L,4455.5,46
2018-02-14D08:09:58.379000000,TEST.L,4455.5,70
2018-02-14D08:09:58.392000000,TEST.L,4456.5,123
2018-02-14D08:09:58.782000000,TEST.L,4456.5,30
2018-02-14D08:09:58.782000000,TEST.L,4456.5,129
2018-02-14D08:09:58.782000000,TEST.L,4457,158
2018-02-14D08:10:00.046000000,TEST.L,4456,21
2018-02-14D08:10:00.373000000,TEST.L,4454.5,19
2018-02-14D08:10:00.376000000,TEST.L,4454.5,100
2018-02-14D08:10:01.953000000,TEST.L,4454,79
2018-02-14D08:10:01.955000000,TEST.L,4454,26
2018-02-14D08:10:01.955000000,TEST.L,4454,7
2018-02-14D08:10:01.980000000,TEST.L,4453,194
2018-02-14D08:10:01.980000000,TEST.L,4453,46
2018-02-14D08:10:01.980000000,TEST.L,4453,69
2018-02-14D08:10:01.980000000,TEST.L,4452.5,175
2018-02-14D08:10:01.980000000,TEST.L,4452.5,59
2018-02-14D08:10:01.981000000,TEST.L,4452.5,46
2018-02-14D08:10:01.981000000,TEST.L,4452,120
2018-02-14D08:10:01.981000000,TEST.L,4452,48
2018-02-14D08:10:01.981000000,TEST.L,4452,120
2018-02-14D08:10:01.982000000,TEST.L,4452,74
2018-02-14D08:10:01.982000000,TEST.L,4451.5,76
2018-02-14D08:10:01.983000000,TEST.L,4451.5,99
2018-02-14D08:10:01.983000000,TEST.L,4451.5,85
2018-02-14D08:10:01.984000000,TEST.L,4451.5,65
2018-02-14D08:10:01.984000000,TEST.L,4451.5,52
2018-02-14D08:10:01.987000000,TEST.L,4450,88
2018-02-14D08:10:01.987000000,TEST.L,4450,87
2018-02-14D08:10:01.987000000,TEST.L,4450,37
2018-02-14D08:10:01.989000000,TEST.L,4449.5,18
2018-02-14D08:10:01.989000000,TEST.L,4451,82
2018-02-14D08:10:02.703000000,TEST.L,4449.5,10
2018-02-14D08:10:02.703000000,TEST.L,4449.5,89
2018-02-14D08:10:02.928000000,TEST.L,4448,40
2018-02-14D08:10:02.929000000,TEST.L,4448,34
2018-02-14D08:10:02.929000000,TEST.L,4447.5,133
2018-02-14D08:10:02.929000000,TEST.L,4447.5,42
2018-02-14D08:10:02.930000000,TEST.L,4447.5,502
2018-02-14D08:10:02.930000000,TEST.L,4447.5,502
2018-02-14D08:10:02.931000000,TEST.L,4447.5,183
2018-02-14D08:10:02.931000000,TEST.L,4447.5,64
2018-02-14D08:10:02.933000000,TEST.L,4447.5,122
2018-02-14D08:10:04.416000000,TEST.L,4447.5,82
2018-02-14D08:10:04.418000000,TEST.L,4447,45
2018-02-14D08:10:04.418000000,TEST.L,4447,17
2018-02-14D08:10:04.418000000,TEST.L,4447,15
2018-02-14D08:10:04.418000000,TEST.L,4447,15
2018-02-14D08:10:05.329000000,TEST.L,4446.5,80
2018-02-14D08:10:05.330000000,TEST.L,4446,446
2018-02-14D08:10:05.330000000,TEST.L,4446,446
2018-02-14D08:10:05.332000000,TEST.L,4446,466
2018-02-14D08:10:05.332000000,TEST.L,4446,62
2018-02-14D08:10:06.029000000,TEST.L,4447,10
2018-02-14D08:10:06.053000000,TEST.L,4446.5,34
2018-02-14D08:10:06.053000000,TEST.L,4446.5,105
2018-02-14D08:10:06.227000000,TEST.L,4447,34
2018-02-14D08:10:07.005000000,TEST.L,4448.5,54
2018-02-14D08:10:07.005000000,TEST.L,4448.5,49
2018-02-14D08:10:07.007000000,TEST.L,4448.5,48
2018-02-14D08:10:07.007000000,TEST.L,4449,175
2018-02-14D08:10:07.007000000,TEST.L,4449.5,209
2018-02-14D08:10:07.008000000,TEST.L,4449.5,57
2018-02-14D08:10:08.261000000,TEST.L,4450,52
2018-02-14D08:10:08.261000000,TEST.L,4450,134
2018-02-14D08:10:08.263000000,TEST.L,4450.5,175
2018-02-14D08:10:09.296000000,TEST.L,4451.5,175
2018-02-14D08:10:09.360000000,TEST.L,4450.5,13
2018-02-14D08:10:09.360000000,TEST.L,4450.5,8
2018-02-14D08:10:09.360000000,TEST.L,4450.5,82
2018-02-14D08:10:10.197000000,TEST.L,4451.5,17
2018-02-14D08:10:10.197000000,TEST.L,4451.5,13
2018-02-14D08:10:10.197000000,TEST.L,4451.5,5
2018-02-14D08:10:12.358000000,TEST.L,4449.5,82
2018-02-14D08:10:12.358000000,TEST.L,4449.5,57
2018-02-14D08:10:15.386000000,TEST.L,4450,32
2018-02-14D08:10:15.386000000,TEST.L,4450,82
2018-02-14D08:10:18.362000000,TEST.L,4450,100
2018-02-14D08:10:18.362000000,TEST.L,4450,82
2018-02-14D08:10:18.363000000,TEST.L,4450,39
2018-02-14D08:10:18.383000000,TEST.L,4450,11
2018-02-14D08:10:21.357000000,TEST.L,4450,66
2018-02-14D08:10:21.357000000,TEST.L,4450,82
2018-02-14D08:10:21.358000000,TEST.L,4451,33
2018-02-14D08:10:21.384000000,TEST.L,4450,35
2018-02-14D08:10:21.384000000,TEST.L,4450,37
2018-02-14D08:10:21.385000000,TEST.L,4450,33
2018-02-14D08:10:21.387000000,TEST.L,4451,109
2018-02-14D08:10:21.387000000,TEST.L,4451,108
2018-02-14D08:10:21.389000000,TEST.L,4450.5,18
2018-02-14D08:10:21.389000000,TEST.L,4450,2
2018-02-14D08:10:21.389000000,TEST.L,4451,18
2018-02-14D08:10:24.621000000,TEST.L,4451.5,235
2018-02-14D08:10:24.644000000,TEST.L,4452,22
2018-02-14D08:10:24.644000000,TEST.L,4452,195
2018-02-14D08:10:26.463000000,TEST.L,4452.5,224
2018-02-14D08:10:26.463000000,TEST.L,4453,55
2018-02-14D08:10:26.463000000,TEST.L,4453,224
2018-02-14D08:10:26.464000000,TEST.L,4453.5,43
2018-02-14D08:10:26.482000000,TEST.L,4453,147
2018-02-14D08:10:26.954000000,TEST.L,4454,58
2018-02-14D08:10:26.954000000,TEST.L,4454.5,59
2018-02-14D08:10:26.974000000,TEST.L,4454.5,87
2018-02-14D08:10:26.977000000,TEST.L,4455,175
2018-02-14D08:10:27.195000000,TEST.L,4456,41
2018-02-14D08:10:27.218000000,TEST.L,4456,128
2018-02-14D08:10:27.276000000,TEST.L,4456,6
2018-02-14D08:10:27.276000000,TEST.L,4456,114
2018-02-14D08:10:27.281000000,TEST.L,4456,2
2018-02-14D08:10:33.898000000,TEST.L,4455.5,26
2018-02-14D08:10:33.899000000,TEST.L,4455.5,142
2018-02-14D08:10:33.900000000,TEST.L,4456,68
2018-02-14D08:10:33.900000000,TEST.L,4456,3
2018-02-14D08:10:33.900000000,TEST.L,4456,30
2018-02-14D08:10:33.900000000,TEST.L,4456,160
2018-02-14D08:10:33.935000000,TEST.L,4455.5,25
2018-02-14D08:10:35.571000000,TEST.L,4455,100
2018-02-14D08:10:35.571000000,TEST.L,4454.5,120
2018-02-14D08:10:35.583000000,TEST.L,4455,135
2018-02-14D08:10:35.583000000,TEST.L,4455,135
2018-02-14D08:10:35.583000000,TEST.L,4455,120
2018-02-14D08:10:35.583000000,TEST.L,4455,15
2018-02-14D08:10:35.584000000,TEST.L,4455,71
2018-02-14D08:10:44.945000000,TEST.L,4455.5,31
2018-02-14D08:10:44.945000000,TEST.L,4455.5,13
2018-02-14D08:10:44.945000000,TEST.L,4455.5,11
2018-02-14D08:10:44.945000000,TEST.L,4455.5,14
2018-02-14D08:10:44.946000000,TEST.L,4455.5,117
2018-02-14D08:11:01.437000000,TEST.L,4455,69
2018-02-14D08:11:11.008000000,TEST.L,4454.5,120
2018-02-14D08:11:11.009000000,TEST.L,4454.5,175
2018-02-14D08:11:11.009000000,TEST.L,4454.5,4
2018-02-14D08:11:13.009000000,TEST.L,4455.5,54
2018-02-14D08:11:13.009000000,TEST.L,4455.5,13
2018-02-14D08:11:13.009000000,TEST.L,4455.5,11
2018-02-14D08:11:13.009000000,TEST.L,4455.5,142
2018-02-14D08:11:13.009000000,TEST.L,4455.5,72
2018-02-14D08:11:13.010000000,TEST.L,4455.5,74
2018-02-14D08:11:13.010000000,TEST.L,4455.5,60
2018-02-14D08:11:13.012000000,TEST.L,4455.5,122
2018-02-14D08:11:13.012000000,TEST.L,4455.5,36
2018-02-14D08:11:13.012000000,TEST.L,4455.5,33
2018-02-14D08:11:13.077000000,TEST.L,4455,170
2018-02-14D08:11:18.323000000,TEST.L,4454.5,198
2018-02-14D08:11:18.323000000,TEST.L,4454.5,100
2018-02-14D08:11:18.323000000,TEST.L,4454.5,120
2018-02-14D08:11:18.323000000,TEST.L,4454.5,83
2018-02-14D08:11:18.325000000,TEST.L,4454.5,120
2018-02-14D08:11:18.325000000,TEST.L,4454.5,27
2018-02-14D08:11:18.326000000,TEST.L,4454,69
2018-02-14D08:11:18.326000000,TEST.L,4454,137
2018-02-14D08:11:18.327000000,TEST.L,4454,199
2018-02-14D08:11:20.060000000,TEST.L,4452.5,100
2018-02-14D08:11:21.142000000,TEST.L,4452,120
2018-02-14D08:11:21.142000000,TEST.L,4452,121
2018-02-14D08:11:21.142000000,TEST.L,4452,93
2018-02-14D08:11:21.144000000,TEST.L,4452,120
2018-02-14D08:11:21.360000000,TEST.L,4452,76
2018-02-14D08:11:24.998000000,TEST.L,4452,98
2018-02-14D08:11:24.998000000,TEST.L,4452,118
2018-02-14D08:11:24.998000000,TEST.L,4452,22
2018-02-14D08:11:24.999000000,TEST.L,4452,191
2018-02-14D08:11:27.464000000,TEST.L,4452.5,220
2018-02-14D08:11:27.485000000,TEST.L,4453,13
2018-02-14D08:11:27.594000000,TEST.L,4453,210
2018-02-14D08:11:27.595000000,TEST.L,4453.5,4
2018-02-14D08:11:27.892000000,TEST.L,4452,46
2018-02-14D08:11:27.892000000,TEST.L,4452,8
2018-02-14D08:11:45.782000000,TEST.L,4453.5,79
2018-02-14D08:11:45.782000000,TEST.L,4453.5,14
2018-02-14D08:11:45.784000000,TEST.L,4453.5,119
2018-02-14D08:11:45.784000000,TEST.L,4453.5,47
2018-02-14D08:11:45.784000000,TEST.L,4453.5,172
2018-02-14D08:11:45.784000000,TEST.L,4453.5,48
2018-02-14D08:11:45.784000000,TEST.L,4453.5,452
2018-02-14D08:11:46.382000000,TEST.L,4453.5,184
2018-02-14D08:11:47.294000000,TEST.L,4454,21
2018-02-14D08:11:47.296000000,TEST.L,4454,162
2018-02-14D08:11:47.296000000,TEST.L,4454,97
2018-02-14D08:11:47.300000000,TEST.L,4454.5,100
2018-02-14D08:11:47.300000000,TEST.L,4454.5,196
2018-02-14D08:11:50.296000000,TEST.L,4454.5,203
2018-02-14D08:11:50.296000000,TEST.L,4454.5,24
2018-02-14D08:11:50.296000000,TEST.L,4454.5,134
2018-02-14D08:11:52.882000000,TEST.L,4454.5,134
2018-02-14D08:11:52.882000000,TEST.L,4454.5,335
2018-02-14D08:11:52.885000000,TEST.L,4454.5,100
2018-02-14D08:11:52.886000000,TEST.L,4454.5,34
2018-02-14D08:11:52.897000000,TEST.L,4453.5,41
2018-02-14D08:11:52.897000000,TEST.L,4453.5,95
2018-02-14D08:11:52.897000000,TEST.L,4453.5,50
2018-02-14D08:11:52.897000000,TEST.L,4453.5,120
2018-02-14D08:11:53.971000000,TEST.L,4454.5,134
2018-02-14D08:11:53.971000000,TEST.L,4454.5,85
2018-02-14D08:11:55.225000000,TEST.L,4454.5,134
2018-02-14D08:11:55.225000000,TEST.L,4454.5,100
2018-02-14D08:11:56.583000000,TEST.L,4454.5,34
2018-02-14D08:11:56.584000000,TEST.L,4454.5,233
2018-02-14D08:11:56.584000000,TEST.L,4454.5,134
2018-02-14D08:11:56.973000000,TEST.L,4454.5,134
2018-02-14D08:11:56.973000000,TEST.L,4454.5,227
2018-02-14D08:11:56.973000000,TEST.L,4454.5,113
2018-02-14D08:11:56.975000000,TEST.L,4454.5,134
2018-02-14D08:11:57.009000000,TEST.L,4454.5,134
2018-02-14D08:11:57.204000000,TEST.L,4454.5,134
2018-02-14D08:11:57.204000000,TEST.L,4454.5,43
2018-02-14D08:11:58.568000000,TEST.L,4454.5,82
2018-02-14D08:11:58.568000000,TEST.L,4454.5,144
2018-02-14D08:11:58.584000000,TEST.L,4455,12
2018-02-14D08:12:01.888000000,TEST.L,4455,291
2018-02-14D08:12:02.163000000,TEST.L,4454.5,130
2018-02-14D08:12:02.163000000,TEST.L,4454.5,269
2018-02-14D08:12:02.163000000,TEST.L,4454.5,140
2018-02-14D08:12:02.163000000,TEST.L,4454.5,269
2018-02-14D08:12:02.163000000,TEST.L,4454.5,87
2018-02-14D08:12:06.036000000,TEST.L,4455,120
2018-02-14D08:12:06.036000000,TEST.L,4455.5,39
2018-02-14D08:12:10.488000000,TEST.L,4455,223
2018-02-14D08:12:10.488000000,TEST.L,4455,268
2018-02-14D08:12:17.970000000,TEST.L,4455.5,112
2018-02-14D08:12:17.970000000,TEST.L,4455.5,13
2018-02-14D08:12:17.989000000,TEST.L,4454.5,76
2018-02-14D08:12:17.989000000,TEST.L,4454.5,100
2018-02-14D08:12:17.989000000,TEST.L,4454.5,100
2018-02-14D08:12:18.016000000,TEST.L,4455,48
2018-02-14D08:12:18.016000000,TEST.L,4455,31
2018-02-14D08:12:18.016000000,TEST.L,4455,100
2018-02-14D08:12:19.045000000,TEST.L,4455.5,182
2018-02-14D08:12:19.045000000,TEST.L,4455.5,220
2018-02-14D08:12:19.046000000,TEST.L,4455.5,13
2018-02-14D08:12:20.291000000,TEST.L,4455.5,38
2018-02-14D08:12:20.291000000,TEST.L,4455.5,247
2018-02-14D08:12:28.728000000,TEST.L,4456,196
2018-02-14D08:12:28.728000000,TEST.L,4456,216
2018-02-14D08:12:28.729000000,TEST.L,4456,121
2018-02-14D08:12:28.733000000,TEST.L,4456,77
2018-02-14D08:12:33.082000000,TEST.L,4456.5,59
2018-02-14D08:12:33.082000000,TEST.L,4456.5,162
2018-02-14D08:12:33.087000000,TEST.L,4456.5,105
2018-02-14D08:12:33.087000000,TEST.L,4456.5,77
2018-02-14D08:12:33.089000000,TEST.L,4456.5,18
2018-02-14D08:12:33.089000000,TEST.L,4456.5,15
2018-02-14D08:12:35.054000000,TEST.L,4455.5,190
2018-02-14D08:12:35.054000000,TEST.L,4455.5,120
2018-02-14D08:12:35.054000000,TEST.L,4455.5,203
2018-02-14D08:12:35.054000000,TEST.L,4455.5,120
2018-02-14D08:12:35.054000000,TEST.L,4455.5,59
2018-02-14D08:12:35.056000000,TEST.L,4455,120
2018-02-14D08:12:35.056000000,TEST.L,4455,32
2018-02-14D08:12:35.056000000,TEST.L,4455,51
2018-02-14D08:12:35.057000000,TEST.L,4455,164
2018-02-14D08:12:35.057000000,TEST.L,4455,94
2018-02-14D08:12:53.735000000,TEST.L,4456,99
2018-02-14D08:12:55.181000000,TEST.L,4455,100
2018-02-14D08:12:55.656000000,TEST.L,4454.5,43
2018-02-14D08:12:57.361000000,TEST.L,4454,79
2018-02-14D08:12:57.361000000,TEST.L,4454,21
2018-02-14D08:13:01.047000000,TEST.L,4453.5,76
2018-02-14D08:13:04.297000000,TEST.L,4453.5,41
2018-02-14D08:13:06.173000000,TEST.L,4453.5,17
2018-02-14D08:13:06.173000000,TEST.L,4453.5,36
2018-02-14D08:13:06.173000000,TEST.L,4453.5,142
2018-02-14D08:13:06.174000000,TEST.L,4453.5,30
2018-02-14D08:13:06.174000000,TEST.L,4453.5,113
2018-02-14D08:13:06.174000000,TEST.L,4453.5,119
2018-02-14D08:13:06.174000000,TEST.L,4453.5,17
2018-02-14D08:13:08.022000000,TEST.L,4454,13
2018-02-14D08:13:08.022000000,TEST.L,4454,26
2018-02-14D08:13:08.023000000,TEST.L,4454,97
2018-02-14D08:13:08.023000000,TEST.L,4454,225
2018-02-14D08:13:08.799000000,TEST.L,4454.5,141
2018-02-14D08:13:15.375000000,TEST.L,4454.5,85
2018-02-14D08:13:15.375000000,TEST.L,4454.5,265
2018-02-14D08:13:24.484000000,TEST.L,4455,119
2018-02-14D08:13:24.485000000,TEST.L,4455,107
2018-02-14D08:13:24.486000000,TEST.L,4455,112
2018-02-14D08:13:24.486000000,TEST.L,4455,263
2018-02-14D08:13:24.486000000,TEST.L,4455,100
2018-02-14D08:13:24.525000000,TEST.L,4455,139
2018-02-14D08:13:24.525000000,TEST.L,4455.5,119
2018-02-14D08:13:24.525000000,TEST.L,4455.5,132
2018-02-14D08:13:25.237000000,TEST.L,4455.5,97
2018-02-14D08:13:33.300000000,TEST.L,4456,99
2018-02-14D08:13:33.300000000,TEST.L,4456,55
2018-02-14D08:13:33.300000000,TEST.L,4456,155
2018-02-14D08:13:33.300000000,TEST.L,4456.5,52
2018-02-14D08:13:33.325000000,TEST.L,4456,175
2018-02-14D08:13:35.747000000,TEST.L,4457.5,33
2018-02-14D08:13:36.752000000,TEST.L,4457,17
2018-02-14D08:13:40.039000000,TEST.L,4457,17
2018-02-14D08:13:43.795000000,TEST.L,4457,56
2018-02-14D08:13:43.795000000,TEST.L,4457,12
2018-02-14D08:13:43.795000000,TEST.L,4457,10
2018-02-14D08:13:43.797000000,TEST.L,4457,56
2018-02-14D08:13:43.797000000,TEST.L,4457,12
2018-02-14D08:13:43.798000000,TEST.L,4457,10
2018-02-14D08:13:44.073000000,TEST.L,4456.5,76
2018-02-14D08:13:46.954000000,TEST.L,4457,56
2018-02-14D08:13:46.954000000,TEST.L,4457,12
2018-02-14D08:13:46.954000000,TEST.L,4457,10
2018-02-14D08:13:46.956000000,TEST.L,4457,76
2018-02-14D08:13:47.661000000,TEST.L,4457.5,100
2018-02-14D08:13:48.580000000,TEST.L,4457,70
2018-02-14D08:13:55.258000000,TEST.L,4457.5,100
2018-02-14D08:13:55.258000000,TEST.L,4457.5,183
2018-02-14D08:13:55.258000000,TEST.L,4457.5,143
2018-02-14D08:13:55.260000000,TEST.L,4457.5,114
2018-02-14D08:13:55.260000000,TEST.L,4457.5,23
2018-02-14D08:13:55.275000000,TEST.L,4457.5,160
2018-02-14D08:13:55.275000000,TEST.L,4457.5,33
2018-02-14D08:13:55.276000000,TEST.L,4457.5,15
2018-02-14D08:13:55.276000000,TEST.L,4457.5,72
2018-02-14D08:13:55.634000000,TEST.L,4458,28
2018-02-14D08:13:55.635000000,TEST.L,4458,100
2018-02-14D08:13:58.199000000,TEST.L,4457.5,33
2018-02-14D08:14:02.113000000,TEST.L,4458.5,109
2018-02-14D08:14:02.113000000,TEST.L,4458.5,10
2018-02-14D08:14:03.931000000,TEST.L,4458.5,63
2018-02-14D08:14:03.931000000,TEST.L,4458.5,167
2018-02-14D08:14:03.931000000,TEST.L,4459,145
2018-02-14D08:14:03.931000000,TEST.L,4459,85
2018-02-14D08:14:03.933000000,TEST.L,4459,37
2018-02-14D08:14:05.260000000,TEST.L,4459,139
2018-02-14D08:14:05.304000000,TEST.L,4459.5,147
2018-02-14D08:14:05.305000000,TEST.L,4459.5,85
2018-02-14D08:14:05.305000000,TEST.L,4459.5,142
2018-02-14D08:14:05.310000000,TEST.L,4460,106
2018-02-14D08:14:05.310000000,TEST.L,4460,31
2018-02-14D08:14:05.310000000,TEST.L,4460.5,108
2018-02-14D08:14:05.310000000,TEST.L,4460.5,136
2018-02-14D08:14:05.311000000,TEST.L,4460.5,49
2018-02-14D08:14:05.466000000,TEST.L,4462,36
2018-02-14D08:14:05.678000000,TEST.L,4463,207
2018-02-14D08:14:05.678000000,TEST.L,4463,160
2018-02-14D08:14:05.679000000,TEST.L,4463,322
2018-02-14D08:14:05.681000000,TEST.L,4463,334
2018-02-14D08:14:05.681000000,TEST.L,4463,86
2018-02-14D08:14:05.682000000,TEST.L,4463,27
2018-02-14D08:14:05.682000000,TEST.L,4463,45
2018-02-14D08:14:05.682000000,TEST.L,4463,10
2018-02-14D08:14:05.682000000,TEST.L,4463,128
2018-02-14D08:14:11.343000000,TEST.L,4463.5,114
2018-02-14D08:14:11.362000000,TEST.L,4463.5,37
2018-02-14D08:14:11.363000000,TEST.L,4463.5,228
2018-02-14D08:14:11.363000000,TEST.L,4464,14
2018-02-14D08:14:12.406000000,TEST.L,4463.5,17
2018-02-14D08:14:12.407000000,TEST.L,4463.5,14
2018-02-14D08:14:12.407000000,TEST.L,4463.5,40
2018-02-14D08:14:21.753000000,TEST.L,4463.5,66
2018-02-14D08:14:23.253000000,TEST.L,4463.5,116
2018-02-14D08:14:23.255000000,TEST.L,4463.5,48
2018-02-14D08:14:23.255000000,TEST.L,4464,12
2018-02-14D08:14:23.349000000,TEST.L,4463,76
2018-02-14D08:14:26.287000000,TEST.L,4463.5,223
2018-02-14D08:14:30.352000000,TEST.L,4464,35
2018-02-14D08:14:30.353000000,TEST.L,4464,154
2018-02-14D08:14:30.353000000,TEST.L,4464,50
2018-02-14D08:14:30.353000000,TEST.L,4464,225
2018-02-14D08:14:33.906000000,TEST.L,4464,3
2018-02-14D08:14:37.409000000,TEST.L,4466.5,122
2018-02-14D08:14:44.980000000,TEST.L,4465,120
2018-02-14D08:14:44.980000000,TEST.L,4465,197
2018-02-14D08:14:44.980000000,TEST.L,4465,48
2018-02-14D08:14:44.980000000,TEST.L,4465,120
2018-02-14D08:14:44.981000000,TEST.L,4465,62
2018-02-14D08:14:44.981000000,TEST.L,4464,30
2018-02-14D08:14:44.982000000,TEST.L,4464,90
2018-02-14D08:14:44.982000000,TEST.L,4464,150
2018-02-14D08:14:44.982000000,TEST.L,4464,86
2018-02-14D08:14:44.982000000,TEST.L,4464,174
2018-02-14D08:14:44.982000000,TEST.L,4464,39
2018-02-14D08:14:44.982000000,TEST.L,4464,52
2018-02-14D08:14:44.983000000,TEST.L,4464,136
2018-02-14D08:14:44.983000000,TEST.L,4464,120
2018-02-14D08:14:44.983000000,TEST.L,4464,53
2018-02-14D08:14:44.983000000,TEST.L,4464,120
2018-02-14D08:14:44.983000000,TEST.L,4464,70
2018-02-14D08:14:44.985000000,TEST.L,4463.5,67
2018-02-14D08:14:45.003000000,TEST.L,4464,28
2018-02-14D08:14:45.023000000,TEST.L,4464,163
2018-02-14D08:14:47.711000000,TEST.L,4463,43
2018-02-14D08:14:48.982000000,TEST.L,4462,171
2018-02-14D08:15:01.135000000,TEST.L,4461.5,70
2018-02-14D08:15:01.135000000,TEST.L,4462,20
2018-02-14D08:15:01.159000000,TEST.L,4462,12
2018-02-14D08:15:01.159000000,TEST.L,4462,12
2018-02-14D08:15:01.160000000,TEST.L,4462,18
2018-02-14D08:15:06.356000000,TEST.L,4461,110
2018-02-14D08:15:06.357000000,TEST.L,4461,120
2018-02-14D08:15:06.357000000,TEST.L,4461,120
2018-02-14D08:15:06.435000000,TEST.L,4461,120
2018-02-14D08:15:06.438000000,TEST.L,4461,120
2018-02-14D08:15:07.698000000,TEST.L,4461,12
2018-02-14D08:15:07.715000000,TEST.L,4460.5,120
2018-02-14D08:15:07.715000000,TEST.L,4460.5,64
2018-02-14D08:15:07.715000000,TEST.L,4460.5,35
2018-02-14D08:15:07.815000000,TEST.L,4460.5,179
2018-02-14D08:15:07.816000000,TEST.L,4460.5,170
2018-02-14D08:15:07.816000000,TEST.L,4460.5,120
2018-02-14D08:15:07.817000000,TEST.L,4460.5,120
2018-02-14D08:15:07.817000000,TEST.L,4460.5,170
2018-02-14D08:15:07.819000000,TEST.L,4460.5,65
2018-02-14D08:15:09.359000000,TEST.L,4460,124
2018-02-14D08:15:09.359000000,TEST.L,4460,97
2018-02-14D08:15:09.841000000,TEST.L,4460,102
2018-02-14D08:15:09.841000000,TEST.L,4460,100
2018-02-14D08:15:09.841000000,TEST.L,4460,63
2018-02-14D08:15:15.051000000,TEST.L,4458,59
2018-02-14D08:15:15.051000000,TEST.L,4458,36
2018-02-14D08:15:15.883000000,TEST.L,4458.5,227
2018-02-14D08:15:15.883000000,TEST.L,4459,26
2018-02-14D08:15:16.110000000,TEST.L,4458,38
2018-02-14D08:15:16.110000000,TEST.L,4457.5,312
2018-02-14D08:15:17.173000000,TEST.L,4456.5,279
2018-02-14D08:15:17.173000000,TEST.L,4457.5,35
2018-02-14D08:15:18.235000000,TEST.L,4457,100
2018-02-14D08:15:18.235000000,TEST.L,4457,35
2018-02-14D08:15:18.235000000,TEST.L,4457,39
